2050 3100
66 316 110 381 [11,
122 316 181 380 ete]
248 320 289 365 tn
308 320 488 366 GENEsIN.
507 320 635 367 SERHO
654 322 697 371 lv.
828 319 875 371 ⁴67

12 435 13 472 ξ
67 422 202 492 quoniam
212 420 249 475 ad
259 420 538 475 communicationem
549 422 710 479 concordiae
720 430 749 479 ct
761 440 876 480 conver-

12 495 13 544 }
67 497 184 551 sationis
199 503 261 552 crat
275 495 430 550 adventum
443 503 471 550 et
484 495 631 551 utilitatem
649 497 755 553 datura.
794 501 876 557 Porro

12 569 13 624 l
68 570 137 641 quid
150 588 208 625 non
223 569 323 624 datura
337 577 410 633 crat,
431 578 578 641 postquam
591 572 663 627 nihil
678 574 794 629 seminis
807 576 876 629 inse

12 643 13 670 ³
68 654 230 701 servaverat
239 645 339 701 livoris
348 652 432 715 atque
441 644 566 703 invidiae
577 654 606 701 ct
621 648 713 703 acerbi
727 649 804 713 vitii,
825 650 875 705 sed

69 729 144 848 extra
159 721 268 847 ‘llmm
276 720 424 791 expulerat
434 717 472 794 [⁴⁶]
484 720 621 777 invidiam
633 722 757 778 dolosum
772 740 803 777 ac
822 724 875 779 fal-

12 819 13 822 ’
81 812 156 851 ocem
219 838 223 843 ·
576 828 590 853 o

155 936 205 985 Cur
223 950 341 998 „sumens
357 933 456 998 pallium
474 936 565 998 operuit
582 940 647 985 ee“?
674 942 726 1001 (24,
738 940 792 997 65.)

126 1040 186 1092 ⁴43.
205 1039 267 1092 Non
278 1038 331 1101 ita,
350 1038 424 1091 sicut
433 1052 508 1091 nunc
518 1036 592 1108 apud
602 1054 652 1093 nos
662 1040 786 1111 virgines
796 1050 870 1103 sunt,

69 1122 181 1167 ornatur
190 1111 331 1167 mirabilis
342 1112 394 1165 ista
403 1118 501 1165 natura
514 1112 593 1183 virgo
603 1112 719 1185 inclyta:
741 1117 870 1185 quoniam

69 1195 262 1242 ornamentum
277 1186 306 1239 in
320 1202 349 1238 se
361 1186 427 1255 plue
440 1202 524 1257 quam
534 1188 601 1240 satis
612 1186 745 1259 praefert,
767 1188 872 1243 nullius

68 1264 237 1333 cuiusquam
248 1258 382 1331 superflui
393 1260 427 1314 ab
438 1268 514 1315 extra
530 1260 670 1347 indigens.
710 1260 871 1333 Symbolum

68 1345 160 1392 autem
180 1342 223 1390 est
240 1333 359 1406 pallium
377 1334 491 1389 visibile
510 1336 622 1391 virtutis
642 1334 766 1398 lucidae,
793 1338 872 1390 cuius

67 1410 206 1483 quicquid
220 1418 263 1464 est
277 1410 353 1463 intus
368 1416 395 1463 et
408 1407 438 1463 ln
448 1408 543 1485 adyto,
564 1409 670 1463 nudum
680 1417 755 1480 patet
765 1410 817 1466 soli
828 1428 872 1465 sa-

67 1488 189 1559 pientiae
204 1484 308 1557 cupido
323 1492 350 1539 et
359 1483 503 1554 manifeste
515 1493 641 1558 apparet,
663 1484 750 1539 latens
762 1492 788 1541 et
797 1486 872 1541 invi-

67 1563 151 1617 sibile
160 1560 341 1626 inconsultis,
362 1560 499 1632 imperitis
510 1569 537 1616 et
547 1577 601 1616 non
615 1561 740 1618 initiatis.

70 1717 117 1767 Cur
143 1718 175 1766 al
205 1716 253 1766 alio
276 1716 358 1765 missale
379 1715 404 1764 in
426 1715 566 1781 Ieyutionem
593 1717 636 1767 atii
658 1715 701 1765 dat
722 1733 869 1781 responsum:

135 1781 305 1847 „Narrant‘t“
322 1783 431 1846 inquiens
449 1783 562 1846 „Inuoco
580 1785 658 1834 omnio
675 1783 748 1834 verba
761 1801 822 1849 quae
829 1787 869 1849 se·

134 1853 242 1901 cerem
269 1854 322 1913 (aa,
337 1852 391 1910 ao.)
718 1881 721 1885 <

127 1955 185 2008 ill.
206 1952 297 2008 Potest
311 1953 414 2023 aliquis
428 1953 533 2016 dicere,
556 1953 628 2024 quod
643 1955 708 2025 quia
720 1947 771 2009 lilii
781 1957 869 2027 gratia

69 2029 213 2101 delegatus
228 2045 244 2083 a
257 2036 333 2100 patre
348 2025 453 2093 fuerat,
470 2038 580 2100 peracta
595 2039 686 2084 autem
697 2030 832 2102 legatione
844 2032 869 2084 ei

70 2103 257 2167 annuntiavit,
279 2103 360 2160 cuius
375 2121 458 2158 causa
471 2105 574 2158 missus
588 2112 641 2172 cst,
664 2105 784 2160 maxime
795 2105 869 2175 quod

64 2180 147 2250 orius
158 2179 185 2234 ei
195 2178 320 2234 obviavit
329 2179 482 2243 initinere,
494 2195 582 2250 quum
594 2179 730 2234 veniebat.
759 2180 867 2250 Liquet,

70 2253 143 2325 quod
162 2255 236 2324 patri
254 2271 366 2325 quoque
385 2255 479 2326 ipsum
501 2253 622 2309 mittenti
646 2255 740 2310 retulit
758 2264 866 2326 postea,

69 2328 143 2399 quod
158 2328 210 2383 etsi
224 2346 279 2384 non
295 2330 481 2402 estscriptum
491 2330 520 2384 in
530 2329 657 2393 historia,
679 2329 709 2383 id
719 2338 809 2384 tamen
820 2347 870 2402 per

70 2421 99 2458 se
109 2402 256 2474 persuadet
266 2411 369 2459 textus.
408 2405 603 2460 Verumtamen
617 2421 736 2475 aequum
750 2415 790 2458 est
801 2404 868 2462 alle-

70 2479 161 2550 gorice
179 2479 254 2533 istud
274 2478 380 2543 dicere,
405 2479 480 2550 quod
498 2496 585 2533 unum
603 2488 630 2534 et
643 2479 718 2535 idem
733 2487 787 2542 est,
813 2487 869 2532 tam

70 2552 195 2607 Abrahae
205 2553 352 2626 resoluti*)
363 2569 446 2624 quam
455 2554 551 2618 lsaaci,
567 2553 727 2609 doctrinalis
738 2552 869 2607 videlicet

72 2627 194 2691 virtutis,
208 2627 333 2682 naturale
344 2628 498 2701 negotium,
513 2629 645 2701 quoniam
655 2627 718 2684 linis
730 2625 869 2682 doctrinae

119 2771 141 2815 ¹)
154 2769 235 2808 Sensus
246 2779 311 2809 verns
323 2779 358 2809 me
371 2770 433 2810 lutet:
448 2770 578 2810 senescentis
587 2769 679 2807 fortasse
687 2767 722 2804 vel
733 2767 869 2812 postmodum

72 2821 148 2909 mul
153 2820 392 2909 fflcdhenfficationem.
411 2824 449 2863 aut
457 2821 529 2869 potius
542 2818 637 2862 tedanus
650 2817 672 2856 tn
685 2815 801 2867 (tivernione
815 2826 868 2863 quo-
