2050 3100
11 241 17 266 ἲ
62 180 172 246 [itata]
240 187 280 231 IN
300 186 477 231 GENESIN.
497 186 624 231 SERMO
643 188 685 234 IV.
812 184 858 236 143

11 269 16 309 t
60 303 93 359 ga
106 285 278 358 discipulum
292 286 462 341 demonstrat
475 304 511 341 ex
525 287 587 351 illo,
609 288 683 359 quod
698 304 752 343 uon
767 289 856 343 solum

59 370 152 431 potum
165 361 288 426 dederit,
313 363 509 416 verumetiam
522 378 611 432 usquc
626 362 660 417 ad
678 364 856 419 cessationem

60 437 189 491 bibentia.
234 436 321 491 Canus
343 435 481 491 indicium
503 445 545 491 est
564 437 638 491 haud
658 437 746 493 obiter
767 438 857 493 facere

60 513 271 574 enarrationem,
302 510 353 564 sed
371 510 517 564 familiaris
538 509 574 585 [Ἴ
593 512 726 583 discipuli
745 530 857 568 noscere

59 588 191 657 impetum
201 584 396 656 studiumque,
418 593 445 639 et
453 602 598 656 procurare
610 596 641 641 ut
649 588 760 658 plenius
773 589 857 661 perii-

59 661 278 715 oianturomnia.
317 660 580 731 Quoniamoportet‚
601 662 856 732 utpauloanterius

58 734 198 798 dicebams
206 746 397 805 non‘prusnac
407 735 627 807 minuapropriis
638 736 746 791 viribus
756 755 855 809 aquam

11 809 12 812 ’
58 811 180 877 haurire3
193 808 268 880 quod
280 810 354 862 enim
365 808 581 880 placentiores
592 810 768 877 diffunditur,
780 813 855 884 quod

58 894 146 939 antem
156 885 266 946 minus,
278 900 333 957 non
344 884 454 954 implet,
467 901 585 939 vacuum
595 886 754 957 relinquens
764 887 854 942 locum

11 953 12 1002 i
57 958 355 1013 inanimodiacentia.¹

11 1073 12 1078 ¹
91 1106 172 1165 Quare
186 1107 259 1157 dicire
277 1104 336 1168 „Et
347 1106 495 1156 cumeditauit
504 1107 614 1156 dammam
623 1124 723 1169 aquam,
743 1108 823 1169 quood

230 1190 304 1237 caque
318 1189 396 1221 omnea
410 1174 548 1223 diderinWt
565 1175 617 1237 (24,
632 1175 684 1233 19.)

110 1280 168 1331 too.
190 1274 301 1329 Prolixe
316 1274 438 1329 extendit
451 1274 616 1330 beneficium
631 1272 784 1337 edocentis,
805 1278 854 1345 qui

56 1352 174 1407 voluerit
185 1366 240 1404 non
252 1350 342 1404 solum
350 1348 457 1404 tradere
468 1357 550 1422 atque
560 1364 712 1421 proponere
722 1365 765 1403 res
776 1350 856 1421 inge-

56 1426 100 1479 nio
114 1425 255 1488 faventes,
278 1423 327 1478 sed
346 1432 501 1479 construere
519 1441 629 1497 quoque
644 1426 710 1478 istas
724 1441 756 1479 ac
770 1424 855 1479 coilo·

56 1518 127 1556 care:
152 1500 184 1556 id
202 1506 245 1555 est
261 1499 421 1554 memoriam
435 1501 518 1556 etiam
532 1508 639 1573 potare,
661 1499 740 1555 cuius
756 1500 853 1556 cameli

55 1585 116 1631 sunt
127 1576 265 1650 symbola.
298 1574 432 1640 Quoniam
443 1575 538 1649 fideles
548 1576 673 1649 magistri
683 1577 852 1649 genuinique

56 1651 192 1715 doctores,
208 1650 259 1721 qui
272 1666 326 1704 non
336 1649 371 1703 ad
380 1652 601 1714 ostentationem,
618 1651 666 1706 sed
676 1651 853 1723 proutilitate

56 1726 259 1798 discipulorum
274 1723 387 1778 iecerint
401 1724 566 1790 doctrinam,
588 1743 601 1780 a
616 1743 646 1780 se
659 1726 732 1781 dicta
742 1728 853 1799 repotia

56 1800 203 1872 discipulis
220 1799 335 1872 exigunt
349 1801 377 1853 vi
393 1802 552 1865 memoriae,
575 1801 745 1856 intrudentes
763 1819 809 1856 eos
824 1803 853 1856 in

55 1875 288 1930 confirmationem
299 1890 390 1928 rerum
398 1882 408 1938 ‚'
421 1889 490 1946 quas
500 1875 656 1931 audierunt.

101 2015 186 2073 &aare
205 2014 276 2065 dicit:
302 2014 459 2078 „Fertinaoit
476 2027 498 2064 et
518 2017 642 2066 evacuavit
660 2016 766 2082 hydriam
785 2019 809 2064 in

300 2083 465 2132 aucmenta
491 2085 610 2145 (atsto.)

110 2184 169 2239 107.
195 2185 226 2238 In
239 2185 351 2239 homine
364 2186 482 2240 cisterna
500 2184 655 2260 symbolum
671 2193 712 2240 est
727 2185 850 2252 auditus3

55 2275 102 2329 per
116 2258 244 2313 auditum
254 2260 329 2314 enim
339 2260 415 2314 venit
424 2259 571 2314 verborum
582 2261 684 2333 canalis
695 2261 723 2314 in
735 2270 852 2315 mentem

56 2335 241 2405 animamque.
291 2334 434 2389 Caeterum
453 2335 556 2406 optimo
580 2333 685 2388 dictum
708 2343 749 2389 est
771 2343 853 2390 totam

55 2407 184 2482 hydriam
199 2407 345 2463 effudisse:
365 2427 421 2480 quo
434 2409 635 2463 demonstratur
650 2408 684 2463 ab
699 2409 806 2463 invidia
819 2410 855 2462 li-

55 2499 176 2554 voreque
191 2483 286 2555 procul
302 2484 398 2538 abesse
411 2484 529 2548 bonum,
550 2484 600 2537 vix
610 2499 744 2554 reponens
755 2499 786 2535 ac
797 2499 855 2535 ser-

55 2558 222 2621 varein-ae,
236 2558 288 2614 sed
300 2560 505 2615 communicans
521 2558 627 2629 ¹species
642 2557 763 2628 ingenii,
779 2555 855 2609 nullo

54 2633 203 2695 occultato,
219 2633 293 2703 quod
305 2633 407 2689 iaciunt
417 2633 544 2688 nonnulli
553 2633 748 2701 sophistarum.
778 2629 856 2682 Ratio

56 2705 293 2772 differentiaeeam
314 2711 445 2779 quoniam
456 2708 544 2778 aliqui
554 2707 591 2760 ob
600 2701 854 2776 pusillanimitatem
