2050 3100
138 167 171 219 te
366 171 551 218 enrnouls
571 169 709 217 runaut
861 164 894 232 11,
907 165 954 232 ta]

138 290 192 328 non
206 271 287 328 avet?
317 273 430 331 Mortale
445 289 547 344 corpus
561 273 663 335 sortiti,
686 271 764 342 pleni
778 288 886 326 sumus
901 271 954 327 lru-

138 349 229 402 manis
244 349 398 412 aerumnis‚
420 357 448 403 et
461 348 491 402 in
502 356 576 403 tanta
586 346 766 401 multitudine
778 347 952 402 iniuriarum

138 424 276 489 vivimus,
298 440 417 494 quarum
431 439 522 494 neque
537 439 684 478 numerum
698 423 859 492 comperire
872 422 951 478 facile

138 501 186 555 sit.
225 497 305 565 Quod
314 499 339 552 si
349 499 508 571 contigerit,
522 506 552 552 ut
563 494 695 552 damnum
706 497 824 552 tulerint
836 498 951 553 insidiis

138 574 246 629 obsessi
256 572 358 646 (iusti),
376 590 444 628 num
454 591 585 629 accusare
595 573 676 628 liceat
686 571 825 644 (naturam
836 573 950 645 ipsam),

137 666 226 720 quum
246 665 346 720 nempe
362 658 499 720 oporteret
514 649 663 704 iniuriosus
677 649 754 718 ipsos
769 647 951 704 invasionem

138 723 270 780 facientes
284 725 442 795 vituperare
462 733 489 779 et
508 725 610 778 malam
631 723 723 796 dicere
743 723 951 779 immanitatem

138 798 273 854 istorum?
290 800 401 853 Etenim
410 800 436 854 si
446 800 476 854 in
486 801 549 859 aere
559 799 678 854 fuissent
687 797 846 869 pestilenti,
860 801 951 854 omni-

138 892 173 929 no
186 891 300 930 neoesse
316 882 387 939 erat,
409 883 440 930 ut
453 875 548 929 morbo
563 874 747 928 laborassent:
787 875 871 944 atqui
886 893 951 930 con-

137 950 243 1005 ditione
263 967 329 1004 sane
348 950 418 1004 aeris
437 949 570 1022 pestifera
588 949 679 1004 adhuc
698 948 869 1009 deteriorem
890 968 949 1004 cer-

137 1025 294 1096 ruptionem
304 1026 433 1096 importat
445 1025 561 1080 malitia.
582 1023 822 1092 Quemadmodum
833 1026 948 1096 quando

138 1101 224 1173 pluit,
246 1117 359 1155 necesse
372 1108 415 1155 est
428 1101 595 1172 sapientem,
617 1102 642 1154 si
653 1099 763 1154 subdio
774 1101 946 1165 versabitur,

138 1177 242 1242 imbui,
258 1183 306 1231 aut
315 1176 340 1229 si
351 1177 396 1230 aer
406 1176 525 1230 borealis
536 1175 656 1248 frigidus
667 1175 762 1246 spiret,
774 1173 885 1248 frigore
894 1185 949 1232 tre·
1006 1219 1007 1222 ,

137 1269 227 1317 mere,
251 1248 289 1326 [*]
309 1251 435 1305 contrahi
455 1268 487 1305 ac
506 1251 600 1324 algore
619 1252 723 1324 rigere,
754 1259 862 1306 aestate
884 1269 948 1307 vere
1006 1243 1007 1256 ¹

137 1327 351 1400 superveniente
371 1334 495 1381 aestuare
513 1326 724 1380 -secundum
743 1326 820 1380 enim
837 1345 948 1382 annuas

137 1403 304 1459 mutationes
324 1418 424 1474 corpus
448 1402 533 1457 simul
558 1403 616 1474 pati
640 1400 802 1456 naturaliter
826 1419 950 1458 consue-

137 1478 180 1532 vit
192 1507 244 1541 -—,
266 1477 364 1533 eodem
379 1476 473 1541 modo,
494 1478 589 1548 quiin
604 1476 766 1532 huiusmodi
780 1476 854 1532 locis
866 1467 950 1533 babi-

138 1561 209 1617 tant‚
225 1553 277 1607 ubi
287 1554 386 1608 caedes
395 1554 523 1625 aliaeque
533 1553 694 1608 huiusmodi
704 1570 808 1625 pravae
818 1556 950 1625 gentium

138 1627 354 1683 consuetudines
366 1630 479 1702 rigent,
501 1628 531 1683 in
546 1645 576 1683 se
590 1630 714 1701 recipere
729 1629 895 1684 istiusmodi
904 1648 950 1685 re·

137 1719 198 1757 rum
210 1719 312 1774 poenas
323 1721 436 1759 necesse
447 1712 497 1759 est.

193 1798 237 1851 25.
260 1795 426 1850 Nullatenus
436 1813 502 1869 ergo
512 1796 648 1851 deceteos
660 1795 754 1851 felices
764 1802 881 1867 pltare,
898 1798 951 1868 qui

136 1871 221 1943 paulo
231 1878 294 1927 ante
304 1874 449 1927 memorati
462 1880 528 1927 sunt
542 1872 685 1945 (tyranni),
708 1871 760 1926 etsi
776 1869 889 1927 lortuna
903 1874 951 1927 iu-

138 1962 203 2000 vare
214 1961 261 2001 eos
271 1944 409 2003 videatur.
449 1948 605 2020 Polycrates
611 1944 652 2019 1),
673 1945 810 2019 condigne
824 1946 863 2001 iis
875 1963 950 2019 quae

137 2028 293 2092 patraverat
302 2022 399 2093 inique
409 2023 552 2093 impieque
561 2030 592 2076 ut
602 2038 697 2077 eorum
706 2029 845 2093 promotor
857 2033 887 2077 et
898 2040 950 2077 au-

138 2105 208 2157 otor,
230 2097 345 2153 sortitus
355 2106 397 2151 est
407 2097 552 2152 deterioris
562 2098 636 2153 vitae
645 2096 843 2160 infortunium,
862 2106 949 2169 atque

138 2173 217 2227 iussu
231 2174 326 2245 magni
340 2173 415 2245 regis
430 2172 481 2228 diu
496 2180 584 2229 tortus
598 2180 625 2227 et
640 2173 727 2233 clauis
742 2171 872 2227 coalitus
884 2190 950 2228 cru·

138 2247 238 2303 daliter
259 2256 466 2304 consummatus
486 2256 539 2303 eet.
582 2249 632 2304 Illa
653 2265 718 2303 vero
737 2246 950 2320 (phantasmata

187 2424 209 2469 ⁸)
226 2425 294 2462 Lines
304 2434 346 2463 ana
358 2424 394 2462 rel
406 2424 474 2462 altere
486 2422 620 2461 desideratur
632 2422 654 2460 in
668 2420 704 2461 Gr.
716 2431 741 2460 ae
753 2422 801 2461 vice
809 2430 878 2461 versa
887 2422 952 2462 deut

137 2473 159 2509 in
176 2471 236 2511 Arm.
254 2484 333 2512 nomen
345 2474 464 2522 Polycrates
478 2474 591 2521 explicite:
618 2482 703 2520 vereor,
712 2482 747 2511 me
761 2481 799 2521 pro
813 2472 863 2510 luet
872 2472 952 2512 Πυλυ-

136 2518 205 2568 κράτει
222 2535 245 2569 γε
260 2524 360 2561 habuerit
376 2524 398 2561 ln
415 2524 549 2571 autographo
566 2530 615 2560 tuo:
648 2522 691 2560 inst
707 2518 761 2560 πολὺ
777 2520 848 2571 κράτει
866 2536 901 2571 γι,
926 2528 951 2563 ei

136 2575 291 2621 consequenter
307 2573 434 2613 reddiderit:
456 2582 499 2619 per
514 2574 600 2611 muttum
614 2575 712 2621 temperie
728 2575 788 2611 tenet.
814 2572 950 2620 Fatendum,

136 2618 193 2661 qnod
206 2621 270 2657 ettam
284 2623 396 2668 sequentia
408 2623 431 2659 ln
443 2625 517 2660 nostra
529 2623 621 2661 lectione
636 2624 790 2661 obscuritatem
802 2632 854 2669 prae
872 2634 897 2661 se
915 2624 952 2663 re-

135 2668 196 2707 runt.
211 2676 265 2712 quae
277 2670 434 2716 quedammodo
447 2681 475 2709 ax
491 2672 595 2711 hodierno
606 2672 688 2713 Graeco
701 2675 774 2721 petest
786 2672 899 2713 declarare
912 2685 953 2713 ss-

135 2711 196 2755 ptem
209 2714 283 2755 lector.
310 2718 390 2758 Anelr.
643 2752 644 2755 ,
