2050 3100
160 174 205 223 l38
287 177 383 221 PHIL.
402 176 477 221 IUD.
498 175 659 231 QUAEST.
677 176 727 219 ET
747 173 825 219 SOL.
846 171 960 240 [11,a23.]
1020 224 1021 241 Ξ

157 278 267 331 caelesti
283 276 477 345 aequiparatur
490 281 603 328 naturae
617 274 679 339 illa,
702 291 785 345 quam
800 274 896 349 lingua
906 294 961 348 pa·
1020 308 1021 311 ¹

156 352 209 405 tria
218 350 334 404 Hebraei
347 349 535 420 Chaldaeique
548 350 686 404 Rebeccam
700 350 853 422 appellant,
874 354 960 408 ouius

157 442 255 478 nomen
266 425 738 495 interpretaturpensonerantia‚
763 426 895 496 quoniam
905 444 960 482 nec

156 499 295 553 deiectum
304 516 395 569 neque
404 506 583 570 augmentum
593 500 705 571 patitmr.
744 500 958 556 Generationem

157 581 246 628 autem
258 573 531 628 eiusrafertdioens:
556 584 672 629 amomo
682 574 804 639 Boumel,
820 576 901 629 cuiun
911 578 958 631 in-

155 648 525 719 terpretatiooommodaost,
537 652 801 716 filiomesaedaiaoi.
831 650 956 721 Ecquam

156 731 254 794 putare
260 724 345 778 liceat
356 723 403 777 dei
414 723 499 777 liliam
507 752 523 787 ‚s
534 724 588 777 aial
604 722 787 794 sapientiam?
810 740 882 795 qnae
896 727 957 795 pri-¹

156 799 294 870 mogenita
305 805 391 852 mater
399 806 442 852 est
450 798 654 863 universorum,
661 799 780 853 maxime
790 814 895 863 eorum,
905 801 956 871 qni

156 873 237 927 valde
247 874 357 945 purgati
367 881 432 927 sunt
440 872 542 926 anima.

156 1015 192 1081 [Ἴ
214 1014 261 1063 Cur
278 1013 386 1079 hydriam
402 1030 473 1077 saper
490 1012 596 1062 humeros
613 1030 667 1062 auos
684 1012 769 1063 dicitur
782 1014 866 1078 serre?
894 1015 953 1079 (ib.)

211 1120 253 1169 98.
279 1115 406 1186 Corporis
419 1116 531 1187 signum
546 1116 689 1168 consuevit
708 1113 796 1169 lacere
815 1132 851 1169 ex
870 1116 954 1170 armis

156 1189 313 1265 (humeris),
335 1192 384 1261 qui
399 1197 463 1243 sunt
476 1190 614 1261 principia
628 1188 816 1254 brachiorum,
838 1190 955 1245 lacerto-

156 1284 217 1322 rnm
232 1281 433 1335 manuumque,
453 1264 557 1334 quibus
571 1264 644 1318 vitae
656 1280 738 1335 opera
749 1266 831 1335 atq'ne
841 1264 953 1320 effectus

155 1342 346 1413 perficiuntur.
385 1338 488 1411 Hydria
497 1354 564 1393 vero
573 1356 622 1392 vas
633 1347 674 1393 est
684 1355 784 1409 aquae,
796 1338 954 1412 symbolum

156 1416 335 1485 disciplinae,
346 1415 421 1467 siout
429 1422 456 1468 et
464 1430 536 1483 aqua
544 1429 649 1477 rerum,
663 1430 735 1483 rpuae
744 1414 899 1468 secundum
908 1432 953 1468 sa-

155 1490 289 1562 pientiam
299 1489 440 1555 visuntur;
461 1488 595 1558 quoniam
603 1489 724 1542 eontinet
733 1488 831 1562 hydria
842 1506 951 1560 aquam,

156 1575 183 1619 et
196 1563 379 1634 intelligentia
393 1563 496 1634 legem,
521 1563 688 1618 volantatem
705 1572 731 1618 et
745 1566 954 1636 contomplatio-

156 1655 229 1692 nem.
269 1635 406 1691 Animalia
424 1635 539 1707 qnidem
558 1646 584 1691 ot
601 1638 710 1709 plantae
729 1649 856 1710 potantur
871 1657 952 1711 aqua,

155 1715 285 1786 princeps
294 1720 384 1765 tamen
396 1717 477 1782 atque
491 1711 549 1766 dux
563 1729 640 1768 mens
656 1715 693 1768 iis
707 1715 802 1779 rebus,
824 1731 895 1786 qnae
908 1732 955 1768 se-

156 1787 278 1842 cundum
288 1786 451 1856 sapientiam
465 1795 623 1841 cernuntur.
662 1790 745 1844 Po'rro
758 1790 854 1862 gravia
868 1798 898 1844 ut
912 1789 955 1844 le-

155 1864 230 1916 viora
242 1861 293 1916 fert
303 1861 393 1914 anima
403 1860 449 1914 dei
459 1862 660 1928 amantissima,
682 1871 748 1935 puta
762 1865 854 1919 omnia
864 1864 899 1920 ad
909 1867 954 1918 in·

155 1936 337 2010 telligentiam
347 1937 521 2006 pertinentia.
1020 1953 1021 1962 ¹

159 2085 239 2143 Quoto
257 2089 291 2136 bra
308 2103 424 2136 rasamenta
440 2088 555 2152 aa'rpiaem
571 2104 624 2137 eom
638 2089 732 2138 oooaait
745 2089 838 2138 dicaam.-
864 2088 956 2152 „Erat

221 2155 265 2204 illa
281 2156 348 2220 oirqo
365 2156 473 2218 speciosa
489 2165 586 2218 oapeotu
603 2155 685 2216 volde;
715 2157 782 2221 oirpo
800 2166 861 2220 erat,
882 2173 956 2219 quom

222 2223 322 2272 airaon
339 2224 488 2287 coyaooin
505 2227 559 2286 (24,
581 2228 633 2288 16.)

213 2327 256 2378 99..
280 2325 346 2379 Vult
360 2324 452 2396 palam
462 2323 614 2389 declarare,
632 2323 706 2396 quod
717 2324 857 2396 duplicem
867 2323 955 2379 habe-

155 2401 202 2454 bat
213 2401 411 2472 virginitatem:
440 2417 524 2455 unam
538 2399 691 2454 seeundum
705 2416 818 2470 corpus,
840 2399 955 2453 alteram

156 2475 309 2530 secundum
324 2477 444 2529 animam
458 2474 710 2545 incorruptibilem
738 2481 795 2527 erat
809 2474 884 2528 enim
898 2481 956 2528 tam

155 2551 219 2604 visu
233 2567 316 2623 qnam
334 2550 477 2605 intellectu
496 2549 623 2622 pulchra.
662 2548 725 2602 Noli
744 2555 835 2602 tamen
856 2548 957 2602 existi·

156 2641 229 2678 mare
249 2626 486 2696 pulchritudinem
506 2623 627 2694 corporis
641 2639 714 2676 nuno
728 2623 758 2676 in
772 2623 896 2677 medium
910 2640 958 2677 re·
1020 2625 1021 2628 ’

155 2697 226 2752 ferre
237 2701 312 2756 iuxta
328 2701 405 2756 illam
421 2699 616 2756 formositatem
631 2697 812 2763 nominatam,
832 2713 904 2768 quae
921 2715 958 2752 ex
