2050 3100
60 153 90 218 [1,
103 151 147 216 28]
194 158 244 202 DE
264 156 538 204 PROVIDENTIA
561 158 688 204 SERMO
707 159 726 202 1.
826 152 859 206 37

61 260 117 312 sint
127 256 246 312 deliota‘?
257 257 366 311 Etenim
374 258 517 330 oportebat
525 257 741 329 providentiam,
753 260 858 332 quippo

59 349 131 404 quoe
144 332 267 410 prudens
282 333 331 396 sit,
355 334 391 386 iis
410 335 459 404 qui
478 335 552 393 vitae
571 335 755 390 innocentiam
770 338 857 392 secuti

59 417 163 471 essent,
187 407 354 462 medicinam
367 417 522 479 proestare,
547 425 618 480 quoe
636 409 699 466 illos
718 409 857 468 ananim

58 483 163 536 morbis
173 491 246 537 tutos
256 483 394 549 redderem
417 484 548 554 quoniam
560 487 857 556 nrxmegmpatetiu-

57 558 119 621 stis,
130 558 155 610 si
162 557 336 628 providentio
347 558 422 612 haud
433 559 508 613 leves
518 559 748 633 monitionum)
759 577 857 618 oaueas

58 633 129 703 ipsis
138 633 289 703 relinquat:
307 633 421 688 audacia
433 635 509 688 enirn
520 634 635 691 oonsilio
646 635 694 690 vix
706 635 857 694 laudabilia

58 716 136 772 sunt,
157 708 336 772 imonocivn,
356 709 436 764 etsie
451 709 663 782 iustoprofeeta.
703 711 781 764 Haud
793 727 857 782 ergo
956 732 958 734 ·

57 789 155 854 peceat
163 783 350 854 providentia,
363 783 473 856 quando
484 783 623 854 praedicta
636 783 722 838 aufert
733 803 747 838 a
757 786 838 839 iustis
848 804 853 851 ς

58 857 128 986 mlii
144 856 218 914 enim
233 857 262 912 in
277 855 315 936 [Ἴ
335 859 472 929 aequitate
487 859 533 912 eo's
553 875 673 918 servare,
693 858 761 912 haec
780 859 857 913 aufe-

56 949 107 986 ren
127 949 152 984 o.

113 1057 156 1110 59.
176 1055 320 1111 Caeterum
338 1057 368 1109 in
386 1063 557 1127 praesentem
577 1055 766 1125 quaestionem
784 1055 858 1110 cadit

54 1130 129 1185 iliud
139 1131 235 1194 etiam,
253 1131 289 1185 de
298 1147 353 1202 quo
364 1131 507 1202 disputant
517 1129 680 1184 eruditionis
691 1130 778 1200 gretie
787 1147 857 1182 non-

54 1206 128 1261 nulli
143 1205 279 1260 dicentes:
316 1205 458 1271 Quomodo
477 1205 573 1260 mortis
587 1219 718 1276 pavorem
732 1204 857 1258 immittit

53 1279 414 1353 providentiaetiomiustis
423 1280 529 1352 proelio
539 1277 718 1337 imminente?
735 1279 856 1334 Necnon

54 1357 199 1412 aberrante
218 1356 284 1410 navi
301 1357 331 1410 in
349 1357 476 1411 vastitate
495 1356 594 1420 meris,
621 1354 689 1413 iusti
707 1371 739 1408 ao
758 1353 856 1410 iniusti

54 1431 153 1488 eodem
163 1439 285 1502 tempore
295 1439 322 1484 et
331 1431 391 1486 loeo
401 1447 514 1501 nequer
524 1438 609 1488 morte
620 1427 791 1490 obruuntur?
807 1428 856 1486 His

53 1515 84 1563 et
91 1507 147 1562 alie
156 1505 386 1579 similia'insuper
394 1507 542 1563 obiiciunt.

112 1636 155 1688 60.
174 1633 277 1690 Verum
289 1632 477 1705 interrogandi
487 1621 565 1697 sunt,
582 1632 720 1703 quodnam
734 1627 856 1685 tribunal

51 1711 105 1773 sit,
120 1707 196 1779 quod
205 1706 345 1763 discernat
358 1709 429 1762 inter
443 1709 530 1763 iustos
546 1716 572 1766 et
586 1704 722 1763 iniustos?
740 1707 800 1761 Non
816 1714 857 1759 est

51 1784 131 1841 enim
145 1782 227 1838 facile
241 1783 348 1839 homini
362 1782 392 1838 id
407 1780 539 1847 statuere,
564 1783 651 1854 qu'um
660 1798 714 1837 nou
725 1788 857 1853 apparent

52 1857 232 1929 singulorum
241 1874 345 1925 mores;
368 1854 422 1913 non
433 1858 508 1913 enim
518 1858 583 1913 lieet
592 1858 755 1930 insipienter
766 1856 800 1910 de
811 1855 855 1909 his

50 1933 193 1999 iudicare,
214 1950 305 2003 neque
318 1932 376 1986 ullo
390 1933 471 1987 modo
486 1934 550 2004 quis
560 1941 649 2004 potest
662 1932 754 1987 metiri
768 1948 799 1985 ao
812 1932 856 1984 in-

50 2008 128 2065 tueri
139 2008 360 2077 uniuscuiusque
370 2008 469 2072 vitem,
482 2007 618 2078 quomodo
629 2016 686 2061 aeta
696 2007 742 2060 sit.
763 2004 856 2071 Quon-

49 2086 110 2139 iam
119 2090 186 2139 sunt
196 2082 331 2153 quaedam
340 2082 448 2140 occulta
457 2082 575 2153 aliisque
589 2099 642 2137 non
652 2080 777 2137 visibilia
788 2080 856 2135 faoi-

48 2176 121 2216 nore
132 2157 167 2214 ab
177 2158 248 2230 ipsis
257 2165 425 2230 perpetrata,
447 2174 615 2228 quamquam
625 2157 681 2227 ipsi
692 2156 758 2210 iusti
769 2171 854 2225 appa-

47 2233 170 2297 ruerint,
181 2232 457 2305 quumtamensolam
469 2231 672 2306 providentiam
680 2228 751 2282 nihil
762 2229 853 2283 lateat.

49 2310 83 2365 Si
107 2324 175 2380 ergo
194 2308 334 2384 incognita
353 2315 395 2362 est
413 2306 574 2362 hominibus
594 2306 652 2360 vita
670 2302 852 2375 singulorum,

48 2401 108 2440 non
118 2383 173 2440 erit
183 2382 333 2438 dicendum
343 2384 430 2441 iustos
440 2398 503 2435 cum
513 2380 608 2453 impiis
618 2378 740 2451 perditos
752 2376 851 2444 iuisse;

48 2456 283 2531 quandoquidem
297 2459 416 2530 sapienti
430 2457 535 2512 iudicio
548 2454 640 2511 omnia
653 2460 780 2525 operatur
790 2468 855 2523 pro-

48 2533 190 2589 videntia.
229 2532 269 2589 Ac
283 2550 333 2592 nos
350 2532 464 2604 quidem
474 2533 646 2604 ignoramus,
672 2527 735 2599 quis
750 2526 854 2597 impius

103 2706 128 2754 ³)
152 2707 190 2747 Gr.
206 2701 302 2757 emm,
322 2707 371 2745 Lot·
384 2706 471 2745 vocatio.
497 2703 577 2741 Aueh.
