2050 3100
69 137 176 205 [midi]
235 144 278 190 Iu
297 144 477 192 annnam.
501 144 629 191 SERMO
648 146 696 197 lv,
819 141 867 196 475

98 343 145 393 Cur
161 343 264 395 dicitrcr:
283 344 411 407 „Additur
427 354 462 395 eat
480 344 516 395 ad
522 345 636 411 populum
648 350 753 399 eunm‘u
770 350 829 415 (ib.)

117 482 175 534 ⁴53.
201 478 315 543 Viden’,
341 480 409 551 quia
425 479 500 551 quod
519 480 603 553 paulo
621 491 683 537 ante
700 488 865 553 desectionem

62 552 180 618 dixerat,
202 569 259 608 non
274 554 478 625 eorruptionem
491 555 611 611 innuens
627 557 711 623 dixit,
733 558 783 613 sed
800 576 865 631 per-

61 628 234 684 durationem
245 627 475 683 constantiorem?
482 630 518 685 Et
527 645 622 686 revera
632 632 670 687 ita
680 648 723 688 res
733 650 762 687 se
769 634 862 689 hahet.

59 703 126 757 Nam
141 703 263 758 abiectio
278 703 401 758 mortalis
415 712 442 758 et
455 706 536 780 pravi
554 705 671 762 adiectio
686 716 726 763 est
740 710 863 765 melioris

59 786 84 833 et
94 780 186 853 magis
196 778 372 834 immortalia.
405 778 863 854 Additnaautemdioiturtnpopo-

60 856 124 919 tom,
140 853 269 909 nondum
284 860 408 909 exstante
422 854 540 924 populo,
560 856 787 929 quandoquidem
802 861 863 931 ipse
963 858 965 861 ’

59 936 98 982 est
110 929 191 1001 origo
206 936 235 983 et
247 926 404 1000 patriarcha
414 928 519 1000 gentis,
546 947 643 987 verum
652 932 727 1003 quod
738 932 862 989 futurum

58 1012 125 1068 erat,
157 1012 303 1075 tamquam
326 1003 382 1057 iam
404 1002 507 1058 factum
529 1006 668 1077 proditur,
700 1024 862 1063 oonoessum

58 1094 156 1150 nempe
167 1079 229 1132 auis
240 1078 391 1135 virtutibus
400 1076 484 1133 deum
494 1078 658 1136 decentibus
668 1080 698 1135 id
708 1082 859 1144 declarans,

57 1154 161 1222 quibus
181 1154 267 1207 etiam
285 1157 385 1208 additio
405 1154 546 1209 asseritur.
587 1157 689 1210 Littera
708 1154 777 1212 haec
794 1165 860 1210 erat.

57 1228 111 1282 Sed
128 1229 260 1283 dieamus
278 1228 360 1283 liceat
373 1237 400 1282 et
414 1228 571 1300 allegorice,
614 1230 725 1284 Etenim
741 1230 862 1301 populus

55 1312 128 1359 oerte
139 1303 187 1358 dei
198 1310 254 1367 est,
276 1310 307 1357 ut
316 1304 353 1357 ita
364 1302 498 1366 dixerim,
521 1311 548 1359 et
557 1312 710 1359 transactus
720 1304 862 1361 rationalis

57 1376 288 1450 caelestisque*):
314 1379 445 1449 quoniam
464 1377 681 1443 rationalis-eat,
708 1396 797 1451 aquo
817 1379 830 1433 f
848 1410 862 1423 ·

57 1452 147 1526 git**)
156 1454 250 1508 omnis
265 1452 356 1508 anima
365 1453 501 1508 dissoluta
512 1469 530 1508 a
540 1454 715 1526 colligamine
725 1472 785 1519 su0,
801 1456 861 1511 vei-

57 1537 87 1583 ut
105 1528 234 1593 absoluta
255 1527 289 1582 ab
314 1529 466 1601 ergastulo,
509 1546 630 1601 namque
652 1540 860 1602 monumentum

58 1603 238 1676 appellabant
246 1603 364 1658 maiorer
375 1604 536 1675 sepulerum
546 1605 690 1660 nudatum.
707 1607 859 1662 Hunoalias

57 1679 214 1734 nominavit
224 1687 415 1746 protopatrem,
437 1678 487 1733 aed
502 1689 750 1752 neumamque,
772 1689 860 1737 totum

56 1753 247 1826 possidentem
261 1752 307 1808 dei
321 1754 409 1826 patria
427 1752 560 1827 (nomen),
586 1755 681 1812 matris
697 1763 723 1811 et
740 1756 859 1812 feminae

58 1830 143 1900 prolis
154 1837 306 1902 expertem.

792 2040 858 2076 otest:

106 2037 128 2080 ¹)
142 2035 221 2075 'rotun
234 2035 316 2076 dietum
329 2036 469 2084 aequivocnm
481 2037 523 2076 hoe
536 2037 599 2085 modo
613 2037 677 2079 atium
690 2038 791 2126 exponlp

57 2089 120 2175 :ophilit
133 2086 378 2176 mutationeque
386 2087 497 2135 praeditur
511 2091 531 2124 et
540 2091 660 2135 proveatur,
674 2089 692 2126 a'a
707 2090 742 2136 qut
755 2098 775 2126 ea
794 2089 859 2126 ratio-

107 2221 141 2266 ··)
154 2221 244 2260 Putatis
257 2220 346 2264 nand·
359 2219 432 2260 ronan
445 2219 524 2260 maline
534 2221 575 2262 erit
583 2222 676 2262 aerioma
685 2222 720 2262 vel
729 2223 859 2271 intelligere:

58 2272 167 2312 roaoaotta
180 2274 222 2316 ert,
238 2270 371 2319 onustat,
388 2271 454 2311 omnia
467 2271 540 2312 noim
553 2275 590 2312 ete.
615 2270 695 2312 Anah.
