2050 3100
62 213 186 283 [ωσι]
224 257 230 270 ,
258 218 385 265 annuo
403 218 452 264 ms
471 218 680 281 saussaius.
818 217 867 270 loa

63 320 169 385 catuli,
185 318 406 375 interiuslavum
415 336 557 390 paravere.
596 320 761 387 dicantem,
777 325 867 379 varias

63 412 186 452 cernens
196 396 333 450 claritates
343 396 372 449 in
383 412 467 466 apum
477 394 670 460 elaboratione,
683 396 754 451 lavis
765 398 867 455 clarius

62 470 212 544 problema
231 469 332 524 effecit:
354 470 484 541 quoniam
502 470 537 524 ab
556 486 601 534 eo,
621 472 670 542 qui
686 472 756 537 edit,
777 490 869 529 escam

62 548 192 602 educens
203 553 230 599 et
240 542 274 599 ab
284 544 395 600 robusto
404 545 459 599 mel
469 546 638 617 suscipiens,
652 545 729 612 lecit,
741 547 816 619 quod
824 550 869 604 vi-

63 620 201 751 ἀεὴαιιὲἓ,
222 620 363 695 problema
376 627 404 675 et
422 620 549 676 convivis
563 621 722 693 nuptiarum
740 624 868 695 proponit

62 698 160 753 hoom
197 712 223 750 o.
419 696 424 705 ’

124 870 169 925 30.
186 853 225 925 '0
246 868 312 934 viri,
339 868 390 940 qui
409 878 568 940 praesentes
586 872 697 943 nuptias
717 870 865 939 honoratis,

62 943 295 1019 qnandoquidem
309 945 437 999 convenit
455 946 572 1015 tempori
591 962 645 1000 non
660 946 750 1002 solum
768 965 867 1022 corpus

64 1021 157 1083 cibis,
177 1035 275 1073 verum
290 1019 373 1073 etiam
387 1019 510 1073 animum
525 1020 699 1076 sermonibus
710 1021 865 1089 laetificare,
935 1032 937 1037 '

64 1112 121 1170 ego
130 1093 212 1150 vobis
221 1095 270 1165 qui
281 1094 397 1158 adestis,
415 1094 534 1149 laetitiae
549 1095 630 1149 istius
639 1096 808 1168 principium
817 1116 868 1169 po:

62 1187 133 1229 nam
145 1168 303 1241 problema,
331 1185 386 1223 non
400 1167 571 1233 fabulosum,
597 1168 647 1223 sed
666 1172 799 1225 veraciter
819 1172 868 1227 ad·

64 1252 203 1320 aptatum.
242 1243 321 1315 Quod
330 1252 421 1300 autem
431 1261 528 1299 verum
538 1251 579 1299 est
590 1243 707 1309 dictum,
720 1245 821 1301 mulcta
832 1249 869 1303 sit

62 1319 233 1395 proponenti
246 1318 401 1391 problema,
423 1320 448 1373 si
463 1319 644 1392 sapientiores
659 1330 808 1392 appareant¹
819 1340 869 1377 au-

64 1398 173 1452 ditores
187 1394 217 1448 in
227 1394 373 1461 solvendo;
396 1401 423 1447 et
432 1393 540 1448 lucrum
550 1394 575 1448 ei
587 1393 697 1460 itidem,
719 1396 743 1451 si
757 1396 824 1451 istos
838 1398 868 1453 in

64 1470 194 1527 consiliis
204 1483 254 1540 per
263 1486 346 1523 unam
352 1468 534 1524 obiectionem
540 1470 725 1541 superaverit:
738 1472 868 1541 quoniam

64 1554 147 1604 estet
156 1561 246 1617 persa
255 1562 379 1600 seorsum
389 1544 519 1600 decorum
529 1545 681 1618 problema,
694 1545 794 1601 clarius
804 1548 868 1603 red-

63 1624 143 1679 ditur
151 1637 189 1676 cx
196 1619 251 1675 line
260 1621 408 1693 pactionis3
427 1621 530 1676 etenim
541 1621 713 1677 auditoribus
725 1622 794 1678 lucri
804 1640 868 1696 gra-

62 1701 105 1756 tia
119 1697 246 1768 superari
262 1696 423 1752 nolentibus
442 1703 470 1750 et
487 1697 605 1752 verbum
623 1696 786 1770 diligentius
803 1716 868 1770 per-

63 1770 270 1836 scrutantibus,
280 1772 459 1844 proponentis
469 1770 563 1827 damni
572 1773 711 1838 timorem,
727 1773 867 1845 duplicem

63 1849 238 1920 voluptatem
251 1856 314 1919 post
331 1847 475 1903 victoriam
493 1849 672 1920 comperiant.
704 1847 788 1916 -Quid
803 1867 867 1924 ergo

65 1925 121 1981 erit
130 1924 240 1978 lucrum
249 1924 349 1979 victori
357 1931 384 1978 et
393 1922 690 1995 quiddamnumvicto,
699 1926 804 1980 audite:
817 1927 868 1980 tri-

64 2002 145 2075 ginta
152 2017 204 2056 vos
213 1996 344 2074 estis‚{*]
356 2000 406 2070 qui
416 1999 558 2070 inquiritis
568 2000 721 2071 problema;
734 2017 807 2054 unus
818 2017 867 2056 au·

63 2088 122 2132 tem
142 2092 210 2149 ego,
235 2075 286 2146 qui
304 2091 437 2147 propono.
477 2075 509 2129 Si
527 2075 620 2146 itaque
639 2075 745 2130 valeam
765 2076 867 2131 virtute

64 2160 162 2207 contra
179 2149 388 2206 multitudinem
406 2158 539 2214 vestram,
569 2151 762 2221 unusquisque
781 2152 866 2204 vestri

65 2228 103 2282 sit
111 2226 222 2282 debitor
231 2227 341 2282 tunicae
352 2225 388 2281 ad
399 2225 532 2282 mulctam
545 2224 724 2297 praestandae
738 2225 809 2290 mihi
822 2227 867 2279 vi-

65 2303 149 2371 ctori,
172 2302 217 2356 sin
231 2309 323 2358 autem
337 2319 386 2357 vos
404 2300 600 2356 obscuritatem
614 2300 775 2356 obiectionis
789 2317 866 2355 meae

65 2378 197 2442 solvatis,
212 2377 333 2450 singulis
343 2377 444 2432 vestris
453 2376 615 2447 corporibus
625 2392 675 2447 ego
685 2374 793 2429 debitor
803 2373 866 2428 liam

64 2453 187 2508 mulctae
199 2469 283 2524 quam
295 2453 445 2524 proposui.⁴
477 2450 548 2523 (lura
558 2449 693 2522 quidem.)
731 2447 865 2514 Quoniam

64 2528 262 2602 unusquisque
273 2526 308 2582 de
317 2527 398 2582 vobis
408 2526 551 2582 convictus
564 2526 675 2580 unicam
690 2522 819 2577 mulctam
830 2540 865 2580 cx

64 2612 146 2676 pacto
160 2601 277 2658 reddero
296 2602 392 2666 debet,
415 2618 504 2655 unum
522 2617 622 2673 corpus
637 2596 792 2665 vestiend03
814 2614 865 2670 ego

64 2695 133 2733 vero
146 2677 263 2742 multos,
284 2686 317 2733 ut
330 2676 404 2732 cadit
416 2676 538 2748 singulis
551 2672 712 2746 corporibus
725 2673 811 2744 partis
821 2675 866 2727 vi-

65 2754 176 2818 ctricis,
187 2751 391 2809 condemnabor
400 2767 543 2808 exornare.
561 2747 700 2806 Attendite
710 2747 865 2821 erg0,quid
