2050 3100
51 162 161 232 [iasa]
257 168 326 213 nin
344 166 394 213 un
416 167 658 217 annuntietis.
805 166 854 219 tte

15 331 16 336 η
51 268 195 326 mundum
210 268 478 338 compositumne,
499 286 595 323 verum
610 276 715 341 partem
730 286 802 335 eam,
824 272 853 329 in

52 360 144 415 quam
158 342 232 397 cadit
245 342 352 397 iustitia
363 350 391 397 et
400 344 549 407 iniustitia,
570 344 647 399 illam
656 346 766 401 omnino
775 362 854 417 prae-

15 457 17 478 ;
52 417 435 473 ditamesseetiamraticne:
466 426 581 489 utraque
595 420 669 472 enim
679 418 713 473 ad
723 420 854 474 rationem

52 493 188 569 pertinet.
226 492 321 561 ltaque
334 492 407 546 sicut
421 491 594 557 haminibus,
616 494 657 547 sie
669 508 780 565 quaque
795 496 855 548 ani-

15 611 16 619 ,
53 566 182 621 malibus
195 566 352 620 memoratis
366 566 548 621 distaibuatur
561 567 651 641 (ratic)
671 585 782 623 neeesse
801 578 852 623 est.

15 701 16 708 χ
53 644 122 696 lure
136 656 202 694 sane
216 639 361 712 (hemines)
375 642 490 694 ciconiis
513 642 614 695 adultis
633 652 759 713 parentes
779 644 855 698 alen-

55 715 138 771 tibus
157 714 288 769 honorem
305 724 410 769 certum
429 715 561 769 exhibent
581 725 627 773 aut
646 718 851 785 contumeliam;

54 789 174 847 laudant
188 796 215 844 et
227 790 360 845 satellites
373 790 470 844 Pinnis
489 790 640 859 aequaliter
658 792 854 847 distribuentes

15 866 16 931 J
55 865 170 930 cibum3
191 880 228 918 ex
240 863 355 919 adverso
364 880 429 918 vere
437 862 584 934 opprobrie
594 872 621 919 et
630 868 801 931 accusatione
810 866 855 921 di·

54 955 148 1014 gnum
167 947 292 1002 censent,
311 940 336 992 si
355 938 407 993 seli
427 946 588 992 consument
606 937 711 993 dictum
729 939 852 1012 (cibum).

14 1015 18 1087 ζ
54 1014 115 1080 Qui
130 1029 194 1068 vero
208 1013 332 1069 laborant
346 1014 376 1067 in
391 1014 518 1067 examine
534 1028 629 1083 apum,
650 1012 726 1070 luces
741 1016 854 1068 nocivos

15 1091 19 1158 ζ
55 1089 125 1145 favo
148 1088 285 1144 elaborate
304 1089 493 1143 existimantes
513 1086 680 1159 deperdunt3
713 1089 852 1159 quoniam,

15 1214 18 1238 f
54 1172 92 1218 ut
102 1164 141 1218 ait
149 1163 297 1227 Hesiodus,
317 1166 431 1217 altorum
443 1166 855 1219 meoremtneemrassaoainau-

55 1256 132 1293 (cere
797 1258 807 1293 ι

15 1418 17 1435 ³
116 1363 159 1416 62.
178 1360 310 1417 Videntes
321 1362 426 1433 antiqui
435 1362 550 1420 victuma
559 1374 649 1433 usqae
659 1360 694 1415 ad
704 1360 783 1415 bruta
795 1362 855 1416 nni-

15 1490 18 1512 s
55 1438 164 1492 mantia
172 1434 331 1501 devenisse,
348 1438 465 1491 aearnis
475 1452 526 1491 esu
536 1452 597 1511 sesa
607 1435 812 1501 abstinuerunt,
824 1452 855 1491 ac

15 1519 17 1523 ’
56 1509 223 1567 admnltum
232 1512 363 1584 temporis
373 1511 599 1568 consuetudinem
608 1511 855 1568 taleminterGrae-

15 1646 16 1651 χ
55 1603 108 1641 cos
118 1594 145 1640 et
153 1586 282 1642 barbaros
293 1588 445 1651 obtinuisse
455 1589 541 1652 aiunt,
554 1586 640 1642 denec
649 1587 740 1659 prisca
749 1597 855 1660 tempe-

15 1660 18 1727 ζ
55 1662 148 1717 raetia
159 1661 461 1718 labenteindelicatam
470 1662 584 1718 vivendi
594 1663 726 1718 rationem
736 1679 855 1718 eumve·

15 1746 17 1752 ’
55 1735 360 1806 luptatedcelinarnnt:
381 1739 461 1792 nevis
471 1738 545 1792 enim
556 1737 754 1810 cupiditatibus
762 1735 798 1812 [*]
806 1738 855 1792 ad-

15 1866 18 1881 ,
54 1811 197 1875 inuentis,
220 1812 328 1866 illicitis
348 1811 457 1869 deliciis
477 1814 602 1868 civitates
623 1813 852 1885 adimpleverunt,

15 1894 16 1897 ’
55 1901 178 1957 quorum
187 1887 324 1960 principia
333 1886 422 1941 morbi
434 1895 511 1950 sunt,
532 1887 634 1958 quihus
648 1905 702 1943 ncn
716 1903 854 1960 expurge-

53 1961 99 2016 tis
109 1968 208 2016 mcrtes
218 1961 380 2016 subsecutae
389 1969 464 2016 sunt·
483 1962 561 2016 Unde
572 1963 696 2016 homines
706 1962 854 2034 disciplina

15 2078 16 2083 ,
54 2036 202 2098 instructi,
219 2037 268 2106 qui
278 2036 457 2091 aemulatores
465 2043 531 2091 suut
539 2037 733 2108 Pythagoricae
743 2037 853 2107 sapien·

15 2146 16 2167 1
53 2110 125 2173 tiae,
136 2126 226 2181 neque
236 2112 260 2164 si
269 2127 382 2167 necesse
393 2111 474 2164 etiam
484 2109 576 2174 luerit,
585 2127 696 2164 earnem
705 2111 851 2182 attingimt,

15 2218 16 2223 κ
54 2191 171 2257 propter
189 2185 362 2240 sobrietatem
378 2184 536 2257 religiosam
551 2193 578 2238 et
590 2185 766 2240 evitationem
781 2200 853 2238 mor-

54 2259 168 2315 borum.

115 2385 159 2436 63.
178 2383 288 2438 Etenim
297 2383 399 2438 habent
408 2399 444 2438 ex
453 2391 550 2438 natura
559 2381 717 2436 relationem
731 2381 853 2452 aliquam

53 2466 190 2530 eorpusct
199 2459 292 2512 anima
301 2457 440 2529 (animalia
449 2465 475 2512 et
484 2455 628 2527 hemines),
640 2471 693 2508 non
706 2456 795 2512 solum
804 2474 853 2528 per

53 2531 274 2592 familiaritatem
288 2549 352 2588 cum
365 2533 415 2595 iis,
435 2532 605 2602 quibuscum
619 2529 684 2584 solis
702 2530 852 2586 assuefacta

53 2614 138 2669 sunt,
155 2607 206 2664 sed
221 2608 303 2662 etiam
317 2615 348 2662 ut
360 2605 476 2662 reddant
484 2605 559 2678 qued
570 2602 684 2659 debetur
697 2604 772 2660 fideli
782 2604 853 2661 dile-

54 2681 158 2747 ctioni;
188 2681 239 2753 qui
252 2682 328 2736 enim
341 2681 482 2752 diligitur,
503 2679 597 2754 diligit
611 2679 706 2751 utique
716 2681 849 2746 vicissim,

94 2755 206 2806 Pinio
224 2755 297 2806 Vlll.
623 2753 649 2802 K
