2050 3100
80 304 198 373 [ωτι]
258 311 299 357 nu
319 312 496 359 osnnsrn.
516 312 644 359 sunno
663 314 706 359 ιν.
841 308 889 359 497

80 421 107 468 et
122 411 248 467 institiae
262 410 296 484 (s.
312 412 386 467 insto
399 412 495 487 soli)*)
510 420 576 469 sunt
590 414 778 479 necessariae,
798 415 887 487 magis

80 486 215 559 expedire
226 487 353 542 aestimat
360 489 504 543 materiam
513 488 606 553 illam,
627 506 699 561 quae
712 489 787 561 ignis
798 491 887 562 magis

80 560 271 618 succendendi
286 578 369 617 causa
384 571 439 627 est,
460 562 563 619 auferri
577 564 612 619 ab
627 564 754 636 improbo
764 563 842 620 velut
852 564 887 619 ab

79 638 145 711 igne
159 653 211 709 pro
225 653 334 691 morum
349 638 379 692 in
392 638 493 693 melius
503 640 668 707 mutatione;
691 656 763 711 quae
773 655 828 695 non
837 656 888 694 no-

79 719 123 767 cet
136 710 172 784 (s.
182 727 239 766 non
249 719 291 766 est
299 729 386 777 noxa,
403 711 560 786 damnum),
575 713 626 768 sed
637 730 769 787 magnum
780 713 888 769 emolu·

79 791 209 842 mentum
215 794 295 859 parat
304 786 359 852 illi,
371 788 421 858 qui
430 795 509 859 putat
519 804 549 843 se
558 786 658 844 damno
669 788 753 844 affici.
784 790 886 844 Littera

78 861 211 918 haecest.
249 861 293 916 Ad
303 870 424 917 mentem
434 879 499 918 vero
509 863 656 918 sciendum
667 872 721 929 est,
742 862 817 935 quod
830 880 885 918 non

80 936 116 993 de
131 935 223 991 brutis
238 935 407 994 animalibus
420 954 511 1011 neque
525 938 750 1010 possessionibus
765 938 810 995 vel
826 937 886 993 fru-

78 1011 172 1068 ctibus
188 1011 334 1084 carpendis
348 1030 410 1067 esse
423 1030 579 1068 sermonem
593 1015 727 1087 sapientis
743 1012 886 1087 legislato-

78 1088 119 1141 ris
128 1086 237 1159 potius‚
251 1103 336 1158 quam
346 1086 380 1141 de
391 1088 499 1142 animae
509 1095 592 1144 statu.
633 1088 778 1160 Siquidem
790 1105 826 1143 ex
835 1105 886 1143 na-

78 1171 141 1217 tura
157 1162 362 1235 primogenitus
381 1163 524 1234 maiorque
544 1171 610 1231 natu
628 1172 670 1218 est
690 1170 766 1218 actus
784 1178 885 1218 secun-

78 1237 147 1292 dum
165 1236 292 1309 singulas
311 1237 442 1301 virtutes,
466 1254 536 1310 quas
556 1237 671 1310 quidem
685 1245 835 1292 commutat
849 1236 883 1309 (s.

78 1310 230 1384 mutuatur)
249 1320 275 1365 et
293 1327 397 1383 pravus
417 1313 479 1384 ipse
492 1313 529 1367 ob
544 1313 693 1368 multorum
707 1312 881 1383 opinionem3

78 1404 132 1441 uon
144 1386 221 1441 enim
231 1385 299 1441 adeo
308 1388 458 1459 quisquam
468 1388 603 1444 insanivit
616 1388 831 1450 insensatorum,
853 1392 885 1441 ut

77 1463 249 1533 promitteret
258 1461 363 1516 malum
372 1479 434 1517 esse
447 1461 549 1537 (celle).
589 1461 662 1517 Dicit
675 1478 740 1536 ergo
755 1462 795 1516 ei:
820 1460 884 1517 Noli

78 1555 191 1593 omnem
199 1537 344 1592 veritatem
354 1537 525 1595 mendaciter
534 1546 581 1596 eut
590 1537 668 1594 volut
681 1538 711 1595 ia
726 1536 883 1610 spectaculo

78 1611 232 1668 deridendo
246 1611 407 1678 deturbare,
428 1613 479 1670 sed
493 1613 579 1669 fatere
593 1614 663 1678 iam,
686 1613 761 1685 quod
775 1613 827 1668 tibi
837 1613 884 1668 in·

78 1687 240 1752 familiaris,
255 1687 306 1743 vix
314 1690 450 1762 genuina,
465 1689 515 1745 sed
524 1689 614 1746 aliena
623 1690 763 1762 possessio
773 1696 814 1745 est
825 1689 884 1744 vir·

114 1863 137 1912 ι)
146 1865 243 1905 Priorem
252 1864 366 1904 lectionem
375 1863 417 1904 fert
425 1863 473 1904 cod.
482 1861 510 1911 Δ,
520 1864 659 1914 posteriorem
668 1863 731 1906 codd.
741 1860 787 1904 01).
801 1861 881 1902 buch.

76 2091 223 2148 lion-ctione
237 2106 360 2156 morum,
380 2091 420 2145 ita
434 2107 487 2145 non
503 2089 593 2157 fraus,
615 2090 665 2146 sed
677 2091 817 2164 profectus
837 2107 883 2145 ac—

76 2165 445 2239 quiriturprodetrimento.
473 2163 572 2221 Altiori
582 2182 647 2221 sane
655 2166 800 2222 intellectu
810 2166 883 2221 scire
924 2197 930 2208 ι

75 2249 197 2314 oportet,
218 2241 373 2313 sapientem
385 2240 485 2297 nonde
496 2240 635 2296 animaliis
647 2249 693 2296 aut
702 2239 826 2312 praediis
836 2238 881 2295 vol

73 2316 205 2388 pecuniis
214 2323 345 2380 mactare,
361 2315 412 2370 aed
421 2331 472 2388 pro
482 2315 635 2370 constantia
644 2315 766 2382 animae,
782 2332 882 2387 quam·

72 2392 119 2446 vis
129 2395 269 2460 primitiae
280 2391 337 2446 sint
346 2398 373 2447 et
383 2391 553 2461 antiquiores
563 2389 738 2463 singularum
747 2391 882 2446 virtutum

73 2464 180 2529 fontes,
200 2481 337 2536 uquarum
350 2466 434 2522 etiam
443 2481 547 2537 pravus
555 2482 606 2537 pro
616 2465 774 2521 testimonio
784 2464 882 2520 existi-

72 2539 209 2598 mationis
222 2549 352 2612 ωαψς
379 2540 474 2596 nullus
487 2541 563 2595 enim
572 2541 611 2596 its
619 2541 735 2596 insanus
745 2547 801 2602 cst,
818 2538 883 2592 licat

72 2616 231 2688 insipiens,
251 2621 284 2670 nt
297 2614 389 2686 palam
404 2614 563 2686 profiteatur
576 2615 722 2672 malitiam.
761 2611 808 2666 Ait
817 2626 882 2681 ergo

71 2691 118 2746 itti
133 2688 294 2746 subtiliter:
321 2689 385 2746 Noli
399 2689 525 2754 mentiri,
543 2699 719 2761 netanquam
729 2683 882 2755 inspeculo

71 2764 170 2836 (marc,
186 2764 356 2836 spectaculo)
369 2763 432 2819 ficta
446 2765 562 2820 veritate
576 2762 725 2836 polluaris,
746 2755 796 2814 sed
816 2772 882 2842 oon·

72 2839 153 2897 fitere
168 2840 228 2894 iam
240 2855 318 2896 nunc
331 2839 449 2896 elianam
463 2855 571 2907 morum
580 2847 690 2895 tuorum
700 2849 760 2890 esse
770 2846 883 2904 sapian-
