2050 3100
121 169 408 219 summotonus!
430 172 770 223 PHILONIANORUM.
797 168 844 225 475

791 242 843 283 Pa.

47 289 120 352 Opus
129 290 213 353 ipsum
222 290 348 338 evidenter
357 290 511 339 domonstrat
519 290 653 353 factorem,
666 295 778 355 quamvis
822 254 837 291 κ

81 358 103 406 is
113 356 215 405 minime
229 357 301 405 adsit
305 391 777 408 .........................................................
813 366 843 411 21

47 423 107 473 Non
125 425 197 473 decet
214 424 396 487 providentiam
413 424 553 489 relinquero
575 424 690 475 homines
712 428 779 475 velut

81 491 240 555 providentia
253 492 384 540 destitutos
387 526 777 542 ...............................................
813 500 844 543 w

49 556 79 607 Si
90 559 207 620 quianon
217 557 376 637 corripiatur,
387 573 439 608 uon
448 542 561 622 acquiret
569 560 701 609 sanitatem
709 576 778 611 men-

82 626 128 686 tia3
142 625 220 674 deerit
229 626 296 674 euim
305 640 328 674 e1
321 626 479 675 'admonitor
480 661 776 676 ....................................
812 635 844 677 23

47 692 151 740 Mortua
158 698 248 741 natura
257 693 367 755 putanda
377 698 427 751 est,
438 706 502 754 quae
511 708 563 741 non
572 696 647 743 sentit
656 695 776 744 dolorem.
811 724 845 733 -

46 759 72 806 N
73 775 108 808 ou
118 765 156 808 est
166 759 290 822 sapientia
300 760 353 808 sine
366 759 534 821 prouidentia,
553 774 636 823 neque
647 762 778 825 providen-

83 826 119 875 tia
134 826 187 875 sine
200 826 322 888 sapientia
324 862 760 877 .....................................................
763 867 777 878 ..
811 858 845 867 -

47 892 157 956 Pervigil
166 894 278 942 sollertia
289 893 392 955 provido
401 893 487 942 omnia
499 894 551 955 agit
552 928 776 944 ...........................
813 904 843 946 24

48 959 130 1009 Cuius
139 974 197 1023 pars
205 961 310 1023 provida
318 967 368 1021 est,
389 974 492 1009 neoesse
506 967 580 1009 estut
588 966 669 1009 totum
678 976 777 1024 quoque

83 1027 214 1090 providum
230 1028 269 1076 sit
273 1062 777 1076 .............................................................
811 1056 845 1067 —

47 1095 155 1143 Indocta
164 1094 493 1153 entomniaanimminon
502 1094 776 1157 comprendente...
811 1124 844 1133 -

47 1161 197 1210 Monitionis
211 1175 287 1209 causa
295 1163 419 1224 quaedam
426 1162 537 1225 disponit
545 1162 712 1224 providentia,
733 1176 777 1210 no·

83 1228 425 1291 lenspemtosdeleregenus
434 1229 572 1277 humanum
575 1262 776 1277 ........................
813 1234 843 1277 25

46 1296 134 1346 Debet
142 1296 247 1345 materia
255 1297 377 1345 exanimis
385 1296 534 1359 obsequium
539 1305 666 1361 praestare
676 1296 777 1344 animali

82 1363 198 1412 rationali
200 1398 776 1412 ......................................................................
791 1368 843 1411 26

48 1429 445 1481 Comeleetioneomniaindioat
456 1431 674 1495 providentia
622 1462 776 1480 ...................
811 1458 844 1467 -

48 1498 78 1548 Si
88 1498 250 1548 mutationem
258 1498 454 1563 patiaturiustus
464 1498 502 1562 (in
510 1498 646 1563 adversis),
665 1488 716 1547 iam
726 1512 777 1548 non

48 1567 209 1616 estiustus
212 1602 776 1616 ....................................................................
786 1583 789 1594 ·
812 1570 843 1616 27

46 1634 144 1697 Ecquis
157 1635 331 1698 providentis
324 1649 381 1697 ipsa
393 1634 530 1698 sapientior
543 1641 594 1695 est,
616 1641 644 1684 ut
656 1635 779 1699 vituperet

84 1717 149 1764 quae
158 1702 189 1750 ab
203 1702 660 1752 eaiiuuti
664 1728 776 1752 ..............
811 1729 844 1738 -—

45 1769 164 1818 Audacia
173 1770 278 1818 consilia
286 1770 329 1817 vix
337 1769 473 1818 laudabilis
481 1777 553 1830 sunt,
560 1770 611 1819 imo
621 1771 722 1831 nociva,
731 1770 779 1820 etsi

84 1852 100 1885 a
112 1837 178 1885 iusto
190 1837 311 1900 profecta
315 1871 776 1887 ........................................................
810 1863 844 1874 ·-

44 1903 72 1952 N
73 1919 108 1952 ou
117 1904 178 1954 lieet
185 1905 331 1968 insipienter
338 1905 462 1965 iudicare,
476 1905 533 1967 quis
541 1906 634 1966 iustus,
648 1907 703 1968 quia
713 1906 777 1954 iniu-

84 1978 145 2021 stus.
178 1971 232 2022 Nos
241 1973 398 2035 ignoramus,
409 1973 465 2034 quis
473 1973 566 2035 impius
577 1973 621 2032 sit,
632 1973 688 2035 quis
697 1973 777 2021 iustus

84 2043 123 2101 (et
134 2053 193 2102 pag.
210 2039 279 2099 111).
313 2039 371 2089 Non
384 2041 426 2102 qui
440 2039 500 2088 boni
514 2040 581 2102 apud
592 2053 639 2088 nos
648 2046 776 2102 putantur,
802 2089 804 2092 ,

82 2107 205 2156 veraciter
216 2107 293 2155 etiam
307 2113 365 2154 sunt
367 2141 777 2155 ..................................................
812 2109 843 2152 28

46 2173 138 2222 Solam
145 2171 326 2236 providentiam
333 2173 396 2221 nihii
405 2174 473 2222 latet
495 2173 778 2222 Providentiotenstsr·

82 2254 139 2288 cem
153 2241 271 2289 scientiae
272 2269 777 2289 .............................................................
811 2266 843 2274 -

44 2306 164 2369 Sapienti
173 2307 266 2356 iudicio
275 2308 360 2356 omnia
373 2313 490 2369 operatur
498 2306 660 2368 providentia.
663 2341 776 2352 ..............
811 2331 844 2341 -

41 2373 185 2422 Hominem
197 2375 287 2423 virtute
299 2381 417 2422 ornatum
429 2373 572 2422 nullatenus
584 2371 778 2434 offenditprori·

81 2441 168 2490 dentia
170 2474 776 2489 .........................................................................
812 2443 843 2487 29

40 2508 165 2558 Ditescat
172 2508 277 2571 impius,
288 2515 317 2556 ut
326 2508 433 2570 amplius
441 2507 526 2556 doleat
533 2507 573 2556 hio
583 2507 695 2556 sublatis.
714 2505 777 2556 Iusti

81 2575 183 2623 animus
191 2582 292 2624 maneat
300 2576 409 2638 integer,
426 2575 539 2636 quamvis
548 2574 611 2623 haec
620 2574 727 2624 abierint
728 2607 776 2622 ......
812 2580 841 2622 31

41 2641 224 2692 Providentiae
237 2643 367 2705 proprium
376 2648 414 2690 eat
422 2655 507 2690 curam
516 2655 602 2704 gerere
612 2643 776 2706 singulorum.
811 2669 843 2678 -

42 2708 185 2772 Quomodo
193 2710 311 2775 providus
320 2709 390 2759 fuisti
400 2708 453 2758 sina
462 2710 634 2773 providentia?
636 2745 693 2760 .......
693 2761 698 2768 ,
697 2745 776 2760 ..........
812 2714 827 2758 3
829 2713 844 2757 2
