<?xml version="1.0" encoding="UTF-8"?>
<!DOCTYPE html PUBLIC "-//W3C//DTD XHTML 1.0 Transitional//EN"
    "http://www.w3.org/TR/xhtml1/DTD/xhtml1-transitional.dtd">
<html xmlns="http://www.w3.org/1999/xhtml" xml:lang="en" lang="en">
 <head>
  <title>
</title>
<meta http-equiv="Content-Type" content="text/html;charset=utf-8" />
  <meta name='ocr-system' content='tesseract 3.04.00' />
  <meta name='ocr-capabilities' content='ocr_page ocr_carea ocr_par ocr_line ocrx_word'/>
</head>
<body>
  <div class='ocr_page' id='page_1' title='image "./operaomniaadlib02philgoog/operaomniaadlib02philgoog_0132.png"; bbox 0 0 2050 3100; ppageno 0'>
   <div class='ocr_carea' id='block_1_1' title="bbox 73 194 858 259">
    <p class='ocr_par' dir='ltr' id='par_1_1' title="bbox 73 194 858 259">
     <span class='ocr_line' id='line_1_1' title="bbox 73 194 858 259; baseline 0.001 -15"><span class='ocrx_word' id='word_1_1' title='bbox 73 194 172 259; x_wconf 68' lang='lat' dir='ltr'><strong>[nata]</strong></span> <span class='ocrx_word' id='word_1_2' title='bbox 224 202 264 245; x_wconf 89' lang='lat' dir='ltr'><strong>IN</strong></span> <span class='ocrx_word' id='word_1_3' title='bbox 284 200 468 245; x_wconf 81' lang='lat' dir='ltr'><strong>GENESIN.</strong></span> <span class='ocrx_word' id='word_1_4' title='bbox 489 200 616 245; x_wconf 77' lang='lat' dir='ltr'>SERMO</span> <span class='ocrx_word' id='word_1_5' title='bbox 635 200 677 247; x_wconf 80' lang='lat' dir='ltr'><strong>lv.</strong></span> <span class='ocrx_word' id='word_1_6' title='bbox 812 196 858 246; x_wconf 73' lang='lat' dir='ltr'><strong>lll</strong></span> 
     </span>
    </p>
   </div>
   <div class='ocr_carea' id='block_1_2' title="bbox 27 346 859 615">
    <p class='ocr_par' dir='ltr' id='par_1_2' title="bbox 72 346 859 415">
     <span class='ocr_line' id='line_1_2' title="bbox 72 346 859 415; baseline 0.005 -21"><span class='ocrx_word' id='word_1_7' title='bbox 72 346 110 395; x_wconf 84' lang='lat' dir='ltr'><strong>Cur</strong></span> <span class='ocrx_word' id='word_1_8' title='bbox 123 346 211 397; x_wconf 75' lang='lat' dir='ltr'><strong>Sarrae</strong></span> <span class='ocrx_word' id='word_1_9' title='bbox 232 348 295 398; x_wconf 63' lang='lat' dir='ltr'><strong>dimo</strong></span> <span class='ocrx_word' id='word_1_10' title='bbox 312 348 466 398; x_wconf 76' lang='lat' dir='ltr'><strong>Atimeleclt:</strong></span> <span class='ocrx_word' id='word_1_11' title='bbox 501 346 592 409; x_wconf 79' lang='lat' dir='ltr'><strong>„Ecce</strong></span> <span class='ocrx_word' id='word_1_12' title='bbox 615 346 672 397; x_wconf 75' lang='lat' dir='ltr'><strong>dedi</strong></span> <span class='ocrx_word' id='word_1_13' title='bbox 692 349 753 398; x_wconf 82' lang='lat' dir='ltr'><strong>mille</strong></span> <span class='ocrx_word' id='word_1_14' title='bbox 774 366 859 415; x_wconf 74' lang='lat' dir='ltr'><strong>arym-</strong></span> 
     </span>
    </p>

    <p class='ocr_par' dir='ltr' id='par_1_3' title="bbox 123 414 859 481">
     <span class='ocr_line' id='line_1_3' title="bbox 123 414 859 481; baseline 0.003 -17"><span class='ocrx_word' id='word_1_15' title='bbox 123 425 167 465; x_wconf 79' lang='lat' dir='ltr'><strong>ttos</strong></span> <span class='ocrx_word' id='word_1_16' title='bbox 176 417 257 480; x_wconf 69' lang='lat' dir='ltr'><strong>frutra¹</strong></span> <span class='ocrx_word' id='word_1_17' title='bbox 274 426 331 466; x_wconf 82' lang='lat' dir='ltr'><strong>tuo:</strong></span> <span class='ocrx_word' id='word_1_18' title='bbox 362 415 405 465; x_wconf 78' lang='lat' dir='ltr'><strong>loo</strong></span> <span class='ocrx_word' id='word_1_19' title='bbox 423 416 467 465; x_wconf 79' lang='lat' dir='ltr'><strong>erit</strong></span> <span class='ocrx_word' id='word_1_20' title='bbox 485 415 529 464; x_wconf 81' lang='lat' dir='ltr'><strong>o&#39;oi</strong></span> <span class='ocrx_word' id='word_1_21' title='bbox 544 415 570 464; x_wconf 76' lang='lat' dir='ltr'><strong>iu</strong></span> <span class='ocrx_word' id='word_1_22' title='bbox 587 414 696 465; x_wconf 74' lang='lat' dir='ltr'><strong>honorem</strong></span> <span class='ocrx_word' id='word_1_23' title='bbox 707 417 789 481; x_wconf 82' lang='lat' dir='ltr'><strong>faciei</strong></span> <span class='ocrx_word' id='word_1_24' title='bbox 804 426 859 466; x_wconf 83' lang='lat' dir='ltr'><strong>tuae</strong></span> 
     </span>
    </p>

    <p class='ocr_par' dir='ltr' id='par_1_4' title="bbox 27 475 859 615">
     <span class='ocr_line' id='line_1_4' title="bbox 27 475 859 547; baseline 0.002 -16"><span class='ocrx_word' id='word_1_25' title='bbox 27 475 28 512; x_wconf 85' lang='lat' dir='ltr'><strong>l</strong></span> <span class='ocrx_word' id='word_1_26' title='bbox 121 492 141 531; x_wconf 80' lang='lat' dir='ltr'><strong>et</strong></span> <span class='ocrx_word' id='word_1_27' title='bbox 165 484 265 532; x_wconf 80' lang='lat' dir='ltr'><strong>omnium</strong></span> <span class='ocrx_word' id='word_1_28' title='bbox 286 483 423 546; x_wconf 70' lang='lat' dir='ltr'><strong>mulierum,</strong></span> <span class='ocrx_word' id='word_1_29' title='bbox 455 498 517 547; x_wconf 79' lang='lat' dir='ltr'><strong>qaae</strong></span> <span class='ocrx_word' id='word_1_30' title='bbox 539 492 613 532; x_wconf 81' lang='lat' dir='ltr'><strong>tasum</strong></span> <span class='ocrx_word' id='word_1_31' title='bbox 634 492 702 544; x_wconf 75' lang='lat' dir='ltr'><strong>aunt5</strong></span> <span class='ocrx_word' id='word_1_32' title='bbox 738 493 760 532; x_wconf 85' lang='lat' dir='ltr'><strong>et</strong></span> <span class='ocrx_word' id='word_1_33' title='bbox 781 485 859 533; x_wconf 74' lang='lat' dir='ltr'><strong>omnia</strong></span> 
     </span>
     <span class='ocr_line' id='line_1_5' title="bbox 27 550 472 615; baseline 0.004 -18"><span class='ocrx_word' id='word_1_34' title='bbox 27 575 28 580; x_wconf 65' lang='lat'>=</span> <span class='ocrx_word' id='word_1_35' title='bbox 120 566 169 599; x_wconf 81' lang='lat' dir='ltr'><strong>rere</strong></span> <span class='ocrx_word' id='word_1_36' title='bbox 187 550 329 614; x_wconf 76' lang='lat' dir='ltr'><strong>loquere“t</strong></span> <span class='ocrx_word' id='word_1_37' title='bbox 349 552 402 615; x_wconf 81' lang='lat'>(20,</span> <span class='ocrx_word' id='word_1_38' title='bbox 420 551 472 615; x_wconf 85' lang='lat'><em>16.)</em></span> 
     </span>
    </p>
   </div>
   <div class='ocr_carea' id='block_1_3' title="bbox 24 653 858 1554">
    <p class='ocr_par' dir='ltr' id='par_1_5' title="bbox 24 653 858 1554">
     <span class='ocr_line' id='line_1_6' title="bbox 26 653 858 762; baseline 0.004 -58"><span class='ocrx_word' id='word_1_39' title='bbox 26 686 27 762; x_wconf 33' lang='lat' dir='ltr'><strong>p</strong></span> <span class='ocrx_word' id='word_1_40' title='bbox 110 654 147 705; x_wconf 82' lang='grc'><strong>69.</strong></span> <span class='ocrx_word' id='word_1_41' title='bbox 165 653 273 726; x_wconf 80' lang='lat' dir='ltr'>Dignus</span> <span class='ocrx_word' id='word_1_42' title='bbox 283 662 329 709; x_wconf 86' lang='lat' dir='ltr'><strong>est</strong></span> <span class='ocrx_word' id='word_1_43' title='bbox 343 653 544 725; x_wconf 76' lang='lat' dir='ltr'>acceptatione,</span> <span class='ocrx_word' id='word_1_44' title='bbox 565 654 615 723; x_wconf 93' lang='lat' dir='ltr'><strong>qui</strong></span> <span class='ocrx_word' id='word_1_45' title='bbox 629 670 746 725; x_wconf 87' lang='lat' dir='ltr'><strong>poenam</strong></span> <span class='ocrx_word' id='word_1_46' title='bbox 759 655 858 725; x_wconf 87' lang='lat' dir='ltr'><strong>poeni-</strong></span> 
     </span>
     <span class='ocr_line' id='line_1_7' title="bbox 25 727 858 800; baseline 0.007 -23"><span class='ocrx_word' id='word_1_47' title='bbox 25 785 27 793; x_wconf 33' lang='lat'><em>,</em></span> <span class='ocrx_word' id='word_1_48' title='bbox 67 727 149 781; x_wconf 84' lang='lat' dir='ltr'><strong>tentiae</strong></span> <span class='ocrx_word' id='word_1_49' title='bbox 161 728 216 783; x_wconf 88' lang='lat' dir='ltr'><strong>sibi</strong></span> <span class='ocrx_word' id='word_1_50' title='bbox 226 746 345 800; x_wconf 89' lang='lat' dir='ltr'><strong>quoque</strong></span> <span class='ocrx_word' id='word_1_51' title='bbox 355 728 500 783; x_wconf 83' lang='lat' dir='ltr'><strong>constituit</strong></span> <span class='ocrx_word' id='word_1_52' title='bbox 508 727 544 782; x_wconf 92' lang='lat' dir='ltr'><strong>ob</strong></span> <span class='ocrx_word' id='word_1_53' title='bbox 555 727 688 783; x_wconf 78' lang='lat' dir='ltr'><strong>delictum</strong></span> <span class='ocrx_word' id='word_1_54' title='bbox 698 730 858 785; x_wconf 90' lang='lat' dir='ltr'><strong>involunta-</strong></span> 
     </span>
     <span class='ocr_line' id='line_1_8' title="bbox 67 800 855 876; baseline 0.004 -22"><span class='ocrx_word' id='word_1_55' title='bbox 67 800 136 865; x_wconf 86' lang='lat' dir='ltr'><strong>rium,</strong></span> <span class='ocrx_word' id='word_1_56' title='bbox 149 816 203 874; x_wconf 85' lang='lat' dir='ltr'><strong>¹pro</strong></span> <span class='ocrx_word' id='word_1_57' title='bbox 222 804 416 859; x_wconf 87' lang='lat' dir='ltr'><strong>oonsolatione</strong></span> <span class='ocrx_word' id='word_1_58' title='bbox 436 801 553 875; x_wconf 85' lang='lat' dir='ltr'><strong>(Sarrae)</strong></span> <span class='ocrx_word' id='word_1_59' title='bbox 573 802 730 876; x_wconf 84' lang='lat' dir='ltr'>honoreque</span> <span class='ocrx_word' id='word_1_60' title='bbox 750 804 855 859; x_wconf 88' lang='lat' dir='ltr'><strong>vultus.</strong></span> 
     </span>
     <span class='ocr_line' id='line_1_9' title="bbox 25 871 857 950; baseline 0.005 -21"><span class='ocrx_word' id='word_1_61' title='bbox 25 907 26 918; x_wconf 31' lang='grc' dir='ltr'><strong>κ</strong></span> <span class='ocrx_word' id='word_1_62' title='bbox 68 871 96 947; x_wconf 69' lang='grc' dir='ltr'><strong>[Ἴ</strong></span> <span class='ocrx_word' id='word_1_63' title='bbox 105 876 171 932; x_wconf 91' lang='lat' dir='ltr'><strong>lllud</strong></span> <span class='ocrx_word' id='word_1_64' title='bbox 180 888 274 934; x_wconf 89' lang='lat' dir='ltr'><strong>tamen</strong></span> <span class='ocrx_word' id='word_1_65' title='bbox 290 885 382 933; x_wconf 79' lang='lat' dir='ltr'><strong>omnia</strong></span> <span class='ocrx_word' id='word_1_66' title='bbox 395 896 454 933; x_wconf 75' lang='lat' dir='ltr'><strong>aare</strong></span> <span class='ocrx_word' id='word_1_67' title='bbox 467 881 570 947; x_wconf 73' lang='lat' dir='ltr'><strong>loquore</strong></span> <span class='ocrx_word' id='word_1_68' title='bbox 584 878 756 935; x_wconf 86' lang='lat' dir='ltr'><strong>abhorrentis</strong></span> <span class='ocrx_word' id='word_1_69' title='bbox 767 898 781 933; x_wconf 91' lang='lat' dir='ltr'><strong>a</strong></span> <span class='ocrx_word' id='word_1_70' title='bbox 792 880 857 950; x_wconf 89' lang='lat' dir='ltr'><strong>phi-</strong></span> 
     </span>
     <span class='ocr_line' id='line_1_10' title="bbox 24 948 857 1028; baseline 0.004 -22"><span class='ocrx_word' id='word_1_71' title='bbox 24 985 25 1006; x_wconf 58' lang='lat'><em>÷</em></span> <span class='ocrx_word' id='word_1_72' title='bbox 66 948 172 1021; x_wconf 81' lang='lat' dir='ltr'><strong>Iosophia</strong></span> <span class='ocrx_word' id='word_1_73' title='bbox 181 954 379 1028; x_wconf 80' lang='lat' dir='ltr'><strong>etignorantis</strong></span> <span class='ocrx_word' id='word_1_74' title='bbox 390 953 550 1007; x_wconf 91' lang='lat' dir='ltr'><strong>mandatum</strong></span> <span class='ocrx_word' id='word_1_75' title='bbox 561 962 612 1008; x_wconf 89' lang='lat' dir='ltr'><strong>est.</strong></span> <span class='ocrx_word' id='word_1_76' title='bbox 651 956 720 1009; x_wconf 90' lang='lat' dir='ltr'><strong>Nam</strong></span> <span class='ocrx_word' id='word_1_77' title='bbox 731 956 755 1009; x_wconf 91' lang='lat' dir='ltr'><strong>si</strong></span> <span class='ocrx_word' id='word_1_78' title='bbox 767 955 857 1009; x_wconf 90' lang='lat' dir='ltr'><strong>homi-</strong></span> 
     </span>
     <span class='ocr_line' id='line_1_11' title="bbox 67 1026 854 1101; baseline 0.011 -25"><span class='ocrx_word' id='word_1_79' title='bbox 67 1039 121 1079; x_wconf 88' lang='lat' dir='ltr'><strong>num</strong></span> <span class='ocrx_word' id='word_1_80' title='bbox 135 1030 189 1083; x_wconf 85' lang='lat' dir='ltr'><strong>vita</strong></span> <span class='ocrx_word' id='word_1_81' title='bbox 208 1030 321 1101; x_wconf 89' lang='lat' dir='ltr'><strong>optime</strong></span> <span class='ocrx_word' id='word_1_82' title='bbox 336 1046 366 1083; x_wconf 87' lang='lat' dir='ltr'><strong>se</strong></span> <span class='ocrx_word' id='word_1_83' title='bbox 380 1028 494 1083; x_wconf 86' lang='lat' dir='ltr'><strong>haberet</strong></span> <span class='ocrx_word' id='word_1_84' title='bbox 507 1026 585 1083; x_wconf 89' lang='lat' dir='ltr'><strong>nulla</strong></span> <span class='ocrx_word' id='word_1_85' title='bbox 600 1039 710 1100; x_wconf 78' lang='lat' dir='ltr'><strong>accepta</strong></span> <span class='ocrx_word' id='word_1_86' title='bbox 726 1028 854 1093; x_wconf 85' lang='lat' dir='ltr'><strong>falsitate,</strong></span> 
     </span>
     <span class='ocr_line' id='line_1_12' title="bbox 68 1102 857 1173; baseline 0.008 -20"><span class='ocrx_word' id='word_1_87' title='bbox 68 1115 199 1173; x_wconf 80' lang='lat' dir='ltr'><strong>oougruum</strong></span> <span class='ocrx_word' id='word_1_88' title='bbox 218 1104 290 1160; x_wconf 84' lang='lat' dir='ltr'><strong>foret</strong></span> <span class='ocrx_word' id='word_1_89' title='bbox 312 1103 348 1158; x_wconf 89' lang='lat' dir='ltr'><strong>de</strong></span> <span class='ocrx_word' id='word_1_90' title='bbox 362 1103 492 1159; x_wconf 88' lang='lat' dir='ltr'><strong>omnibus</strong></span> <span class='ocrx_word' id='word_1_91' title='bbox 506 1102 581 1173; x_wconf 90' lang='lat' dir='ltr'><strong>apud</strong></span> <span class='ocrx_word' id='word_1_92' title='bbox 595 1120 690 1157; x_wconf 90' lang='lat' dir='ltr'><strong>omnes</strong></span> <span class='ocrx_word' id='word_1_93' title='bbox 704 1120 801 1158; x_wconf 83' lang='lat' dir='ltr'><strong>verum</strong></span> <span class='ocrx_word' id='word_1_94' title='bbox 816 1106 857 1159; x_wconf 92' lang='lat' dir='ltr'><strong>lo-</strong></span> 
     </span>
     <span class='ocr_line' id='line_1_13' title="bbox 67 1176 857 1251; baseline 0.009 -25"><span class='ocrx_word' id='word_1_95' title='bbox 67 1176 116 1242; x_wconf 87' lang='lat' dir='ltr'><strong>qui:</strong></span> <span class='ocrx_word' id='word_1_96' title='bbox 139 1178 187 1233; x_wconf 86' lang='lat' dir='ltr'><strong>sed</strong></span> <span class='ocrx_word' id='word_1_97' title='bbox 201 1181 271 1250; x_wconf 89' lang='lat' dir='ltr'><strong>quia</strong></span> <span class='ocrx_word' id='word_1_98' title='bbox 286 1179 365 1234; x_wconf 86' lang='lat' dir='ltr'><strong>fictio</strong></span> <span class='ocrx_word' id='word_1_99' title='bbox 378 1179 560 1251; x_wconf 79' lang='lat' dir='ltr'><strong>malignitatis</strong></span> <span class='ocrx_word' id='word_1_100' title='bbox 570 1178 647 1232; x_wconf 87' lang='lat' dir='ltr'><strong>velut</strong></span> <span class='ocrx_word' id='word_1_101' title='bbox 657 1180 685 1231; x_wconf 90' lang='lat' dir='ltr'><strong>in</strong></span> <span class='ocrx_word' id='word_1_102' title='bbox 696 1178 801 1231; x_wconf 87' lang='lat' dir='ltr'><strong>theatro</strong></span> <span class='ocrx_word' id='word_1_103' title='bbox 812 1196 857 1233; x_wconf 85' lang='lat' dir='ltr'><strong>ao-</strong></span> 
     </span>
     <span class='ocr_line' id='line_1_14' title="bbox 68 1250 858 1327; baseline 0.005 -24"><span class='ocrx_word' id='word_1_104' title='bbox 68 1250 179 1317; x_wconf 86' lang='lat' dir='ltr'><strong>quisitam</strong></span> <span class='ocrx_word' id='word_1_105' title='bbox 193 1254 281 1310; x_wconf 87' lang='lat' dir='ltr'><strong>habet</strong></span> <span class='ocrx_word' id='word_1_106' title='bbox 297 1263 327 1309; x_wconf 89' lang='lat' dir='ltr'><strong>et</strong></span> <span class='ocrx_word' id='word_1_107' title='bbox 340 1255 500 1327; x_wconf 81' lang='lat' dir='ltr'><strong>superbiam</strong></span> <span class='ocrx_word' id='word_1_108' title='bbox 515 1253 635 1307; x_wconf 83' lang='lat' dir='ltr'><strong>velatam</strong></span> <span class='ocrx_word' id='word_1_109' title='bbox 648 1269 703 1307; x_wconf 89' lang='lat' dir='ltr'><strong>una</strong></span> <span class='ocrx_word' id='word_1_110' title='bbox 718 1270 781 1306; x_wconf 90' lang='lat' dir='ltr'><strong>cum</strong></span> <span class='ocrx_word' id='word_1_111' title='bbox 792 1256 858 1309; x_wconf 90' lang='lat' dir='ltr'><strong>arti-</strong></span> 
     </span>
     <span class='ocr_line' id='line_1_15' title="bbox 68 1321 857 1404; baseline 0.01 -29"><span class='ocrx_word' id='word_1_112' title='bbox 68 1321 126 1390; x_wconf 82' lang='lat' dir='ltr'><strong>fieio,</strong></span> <span class='ocrx_word' id='word_1_113' title='bbox 137 1330 199 1384; x_wconf 86' lang='lat' dir='ltr'><strong>artis</strong></span> <span class='ocrx_word' id='word_1_114' title='bbox 209 1339 253 1386; x_wconf 89' lang='lat' dir='ltr'><strong>est</strong></span> <span class='ocrx_word' id='word_1_115' title='bbox 261 1346 337 1404; x_wconf 91' lang='lat' dir='ltr'><strong>opus</strong></span> <span class='ocrx_word' id='word_1_116' title='bbox 348 1330 467 1401; x_wconf 64' lang='lat' dir='ltr'><strong>satienti</strong></span> <span class='ocrx_word' id='word_1_117' title='bbox 477 1327 652 1398; x_wconf 84' lang='lat' dir='ltr'><strong>multiplicis,</strong></span> <span class='ocrx_word' id='word_1_118' title='bbox 664 1335 696 1384; x_wconf 91' lang='lat' dir='ltr'><strong>ut</strong></span> <span class='ocrx_word' id='word_1_119' title='bbox 705 1329 801 1399; x_wconf 84' lang='lat' dir='ltr'><strong>prosit,</strong></span> <span class='ocrx_word' id='word_1_120' title='bbox 817 1332 857 1383; x_wconf 89' lang='lat' dir='ltr'><strong>si-</strong></span> 
     </span>
     <span class='ocr_line' id='line_1_16' title="bbox 68 1398 857 1478; baseline 0.008 -27"><span class='ocrx_word' id='word_1_121' title='bbox 68 1398 237 1461; x_wconf 88' lang='lat' dir='ltr'><strong>militudinem</strong></span> <span class='ocrx_word' id='word_1_122' title='bbox 256 1404 420 1478; x_wconf 84' lang='lat' dir='ltr'><strong>praeferens</strong></span> <span class='ocrx_word' id='word_1_123' title='bbox 439 1404 529 1460; x_wconf 86' lang='lat' dir='ltr'><strong>ironia</strong></span> <span class='ocrx_word' id='word_1_124' title='bbox 544 1403 695 1467; x_wconf 89' lang='lat' dir='ltr'><strong>utentium,</strong></span> <span class='ocrx_word' id='word_1_125' title='bbox 717 1404 766 1474; x_wconf 91' lang='lat' dir='ltr'><strong>qui</strong></span> <span class='ocrx_word' id='word_1_126' title='bbox 781 1403 857 1458; x_wconf 90' lang='lat' dir='ltr'><strong>aliud</strong></span> 
     </span>
     <span class='ocr_line' id='line_1_17' title="bbox 70 1471 856 1554; baseline 0.013 -30"><span class='ocrx_word' id='word_1_127' title='bbox 70 1471 150 1532; x_wconf 84' lang='lat' dir='ltr'><strong>dieunt</strong></span> <span class='ocrx_word' id='word_1_128' title='bbox 159 1490 184 1534; x_wconf 89' lang='lat' dir='ltr'><strong>et</strong></span> <span class='ocrx_word' id='word_1_129' title='bbox 193 1481 272 1537; x_wconf 87' lang='lat' dir='ltr'><strong>aliud</strong></span> <span class='ocrx_word' id='word_1_130' title='bbox 285 1488 381 1554; x_wconf 80' lang='lat' dir='ltr'><strong>agunt,</strong></span> <span class='ocrx_word' id='word_1_131' title='bbox 392 1489 423 1535; x_wconf 91' lang='lat' dir='ltr'><strong>ut</strong></span> <span class='ocrx_word' id='word_1_132' title='bbox 432 1479 541 1534; x_wconf 91' lang='lat' dir='ltr'><strong>salvent</strong></span> <span class='ocrx_word' id='word_1_133' title='bbox 550 1495 620 1550; x_wconf 89' lang='lat' dir='ltr'><strong>quos</strong></span> <span class='ocrx_word' id='word_1_134' title='bbox 628 1487 753 1551; x_wconf 82' lang='lat' dir='ltr'><strong>possunt.</strong></span> <span class='ocrx_word' id='word_1_135' title='bbox 775 1480 856 1535; x_wconf 88' lang='lat' dir='ltr'><strong>Porro</strong></span> 
     </span>
    </p>
   </div>
   <div class='ocr_carea' id='block_1_4' title="bbox 70 1546 856 1780">
    <p class='ocr_par' dir='ltr' id='par_1_6' title="bbox 70 1546 856 1780">
     <span class='ocr_line' id='line_1_18' title="bbox 70 1546 856 1626; baseline 0.01 -25"><span class='ocrx_word' id='word_1_136' title='bbox 70 1565 113 1604; x_wconf 85' lang='lat' dir='ltr'><strong>non</strong></span> <span class='ocrx_word' id='word_1_137' title='bbox 129 1546 189 1611; x_wconf 83' lang='lat' dir='ltr'><strong>litet</strong></span> <span class='ocrx_word' id='word_1_138' title='bbox 202 1559 233 1612; x_wconf 92' lang='lat' dir='ltr'><strong>in</strong></span> <span class='ocrx_word' id='word_1_139' title='bbox 247 1557 382 1614; x_wconf 89' lang='lat' dir='ltr'><strong>omnibus</strong></span> <span class='ocrx_word' id='word_1_140' title='bbox 397 1559 435 1611; x_wconf 89' lang='lat' dir='ltr'><strong>ita</strong></span> <span class='ocrx_word' id='word_1_141' title='bbox 450 1555 524 1620; x_wconf 85' lang='lat' dir='ltr'><strong>fieri,</strong></span> <span class='ocrx_word' id='word_1_142' title='bbox 546 1557 677 1626; x_wconf 82' lang='lat' dir='ltr'><strong>quoniam</strong></span> <span class='ocrx_word' id='word_1_143' title='bbox 692 1557 856 1611; x_wconf 85' lang='lat' dir='ltr'><strong>consultoris</strong></span> 
     </span>
     <span class='ocr_line' id='line_1_19' title="bbox 70 1625 856 1704; baseline 0.009 -27"><span class='ocrx_word' id='word_1_144' title='bbox 70 1625 174 1685; x_wconf 77' lang='lat' dir='ltr'><strong>malitiae</strong></span> <span class='ocrx_word' id='word_1_145' title='bbox 187 1642 229 1688; x_wconf 87' lang='lat' dir='ltr'><strong>est</strong></span> <span class='ocrx_word' id='word_1_146' title='bbox 242 1633 339 1688; x_wconf 88' lang='lat' dir='ltr'><strong>omnia</strong></span> <span class='ocrx_word' id='word_1_147' title='bbox 355 1631 424 1686; x_wconf 87' lang='lat' dir='ltr'><strong>falso</strong></span> <span class='ocrx_word' id='word_1_148' title='bbox 439 1631 532 1686; x_wconf 86' lang='lat' dir='ltr'><strong>dicere</strong></span> <span class='ocrx_word' id='word_1_149' title='bbox 543 1630 578 1687; x_wconf 91' lang='lat' dir='ltr'><strong>ad</strong></span> <span class='ocrx_word' id='word_1_150' title='bbox 588 1630 764 1704; x_wconf 85' lang='lat' dir='ltr'><strong>aucupandos</strong></span> <span class='ocrx_word' id='word_1_151' title='bbox 776 1632 856 1687; x_wconf 91' lang='lat' dir='ltr'><strong>audi-</strong></span> 
     </span>
     <span class='ocr_line' id='line_1_20' title="bbox 71 1706 798 1780; baseline 0.011 -29"><span class='ocrx_word' id='word_1_152' title='bbox 71 1707 141 1758; x_wconf 82' lang='lat' dir='ltr'><strong>tores:</strong></span> <span class='ocrx_word' id='word_1_153' title='bbox 163 1707 260 1764; x_wconf 85' lang='lat' dir='ltr'><strong>virtuti</strong></span> <span class='ocrx_word' id='word_1_154' title='bbox 271 1724 339 1764; x_wconf 85' lang='lat' dir='ltr'><strong>vero</strong></span> <span class='ocrx_word' id='word_1_155' title='bbox 348 1708 492 1780; x_wconf 89' lang='lat' dir='ltr'><strong>proprium</strong></span> <span class='ocrx_word' id='word_1_156' title='bbox 502 1715 544 1761; x_wconf 89' lang='lat' dir='ltr'><strong>est</strong></span> <span class='ocrx_word' id='word_1_157' title='bbox 554 1706 682 1762; x_wconf 87' lang='lat' dir='ltr'><strong>salutaris</strong></span> <span class='ocrx_word' id='word_1_158' title='bbox 692 1715 798 1762; x_wconf 88' lang='lat' dir='ltr'><strong>natura.</strong></span> 
     </span>
    </p>
   </div>
   <div class='ocr_carea' id='block_1_5' title="bbox 77 1852 856 2134">
    <p class='ocr_par' dir='ltr' id='par_1_7' title="bbox 77 1852 856 2134">
     <span class='ocr_line' id='line_1_21' title="bbox 77 1852 856 1926; baseline 0 -14"><span class='ocrx_word' id='word_1_159' title='bbox 77 1852 143 1912; x_wconf 63' lang='lat' dir='ltr'><strong>Qvo</strong></span> <span class='ocrx_word' id='word_1_160' title='bbox 158 1878 264 1926; x_wconf 78' lang='lat' dir='ltr'><strong>„orante</strong></span> <span class='ocrx_word' id='word_1_161' title='bbox 282 1865 405 1915; x_wconf 71' lang='lat' dir='ltr'><strong>Abraham</strong></span> <span class='ocrx_word' id='word_1_162' title='bbox 422 1864 519 1915; x_wconf 83' lang='lat' dir='ltr'><strong>sanavit</strong></span> <span class='ocrx_word' id='word_1_163' title='bbox 536 1864 593 1914; x_wconf 80' lang='lat' dir='ltr'><strong>data</strong></span> <span class='ocrx_word' id='word_1_164' title='bbox 605 1865 740 1914; x_wconf 77' lang='lat' dir='ltr'><strong>Atimeleolt</strong></span> <span class='ocrx_word' id='word_1_165' title='bbox 758 1874 781 1914; x_wconf 91' lang='lat' dir='ltr'><strong>ot</strong></span> <span class='ocrx_word' id='word_1_166' title='bbox 799 1880 856 1913; x_wconf 70' lang='lat' dir='ltr'><strong>utto-</strong></span> 
     </span>
     <span class='ocr_line' id='line_1_22' title="bbox 127 1930 856 1997; baseline 0.001 -17"><span class='ocrx_word' id='word_1_167' title='bbox 127 1946 170 1980; x_wconf 79' lang='lat' dir='ltr'><strong>reot</strong></span> <span class='ocrx_word' id='word_1_168' title='bbox 188 1936 237 1984; x_wconf 80' lang='lat' dir='ltr'><strong>eius</strong></span> <span class='ocrx_word' id='word_1_169' title='bbox 255 1943 280 1983; x_wconf 77' lang='lat' dir='ltr'><strong>at</strong></span> <span class='ocrx_word' id='word_1_170' title='bbox 297 1933 398 1984; x_wconf 65' lang='lat' dir='ltr'><strong>auduus</strong></span> <span class='ocrx_word' id='word_1_171' title='bbox 416 1934 475 1995; x_wconf 64' lang='lat' dir='ltr'><strong>eata,</strong></span> <span class='ocrx_word' id='word_1_172' title='bbox 495 1941 519 1981; x_wconf 83' lang='lat' dir='ltr'><strong>et</strong></span> <span class='ocrx_word' id='word_1_173' title='bbox 531 1945 680 1997; x_wconf 77' lang='lat' dir='ltr'><strong>pepererunt.</strong></span> <span class='ocrx_word' id='word_1_174' title='bbox 720 1930 784 1990; x_wconf 77' lang='lat' dir='ltr'><strong>Quia</strong></span> <span class='ocrx_word' id='word_1_175' title='bbox 802 1949 856 1982; x_wconf 83' lang='lat' dir='ltr'><strong>con·</strong></span> 
     </span>
     <span class='ocr_line' id='line_1_23' title="bbox 127 1997 856 2052; baseline -0.003 -2"><span class='ocrx_word' id='word_1_176' title='bbox 127 1997 215 2050; x_wconf 68' lang='lat' dir='ltr'><strong>cladem</strong></span> <span class='ocrx_word' id='word_1_177' title='bbox 229 2001 378 2052; x_wconf 65' lang='lat' dir='ltr'><strong>mactatast</strong></span> <span class='ocrx_word' id='word_1_178' title='bbox 391 2000 449 2050; x_wconf 78' lang='lat' dir='ltr'><strong>desta</strong></span> <span class='ocrx_word' id='word_1_179' title='bbox 462 2015 550 2049; x_wconf 80' lang='lat' dir='ltr'><strong>omnem</strong></span> <span class='ocrx_word' id='word_1_180' title='bbox 562 2001 655 2050; x_wconf 84' lang='lat' dir='ltr'><strong>vulvam</strong></span> <span class='ocrx_word' id='word_1_181' title='bbox 673 2001 698 2049; x_wconf 80' lang='lat' dir='ltr'><strong>ia</strong></span> <span class='ocrx_word' id='word_1_182' title='bbox 716 2000 783 2050; x_wconf 78' lang='lat' dir='ltr'><strong>dorae</strong></span> <span class='ocrx_word' id='word_1_183' title='bbox 797 1999 856 2048; x_wconf 81' lang='lat' dir='ltr'><strong>Abi·</strong></span> 
     </span>
     <span class='ocr_line' id='line_1_24' title="bbox 128 2065 855 2134; baseline -0.003 -16"><span class='ocrx_word' id='word_1_184' title='bbox 128 2065 208 2117; x_wconf 72' lang='lat' dir='ltr'><strong>atlecl</strong></span> <span class='ocrx_word' id='word_1_185' title='bbox 218 2078 321 2134; x_wconf 79' lang='lat' dir='ltr'><strong>propter</strong></span> <span class='ocrx_word' id='word_1_186' title='bbox 330 2067 433 2118; x_wconf 79' lang='lat' dir='ltr'><strong>Sarrum</strong></span> <span class='ocrx_word' id='word_1_187' title='bbox 446 2083 542 2118; x_wconf 65' lang='lat' dir='ltr'><strong>uanam</strong></span> <span class='ocrx_word' id='word_1_188' title='bbox 553 2067 703 2118; x_wconf 75' lang='lat' dir='ltr'><strong>Abratoo“l</strong></span> <span class='ocrx_word' id='word_1_189' title='bbox 718 2069 771 2132; x_wconf 83' lang='lat'>(20,</span> <span class='ocrx_word' id='word_1_190' title='bbox 785 2070 813 2118; x_wconf 85' lang='grc'><strong>17</strong></span> <span class='ocrx_word' id='word_1_191' title='bbox 822 2068 855 2129; x_wconf 87' lang='lat' dir='ltr'><strong>s.)</strong></span> 
     </span>
    </p>
   </div>
   <div class='ocr_carea' id='block_1_6' title="bbox 75 2163 858 2542">
    <p class='ocr_par' dir='ltr' id='par_1_8' title="bbox 75 2163 858 2542">
     <span class='ocr_line' id='line_1_25' title="bbox 105 2163 857 2246; baseline 0 -23"><span class='ocrx_word' id='word_1_192' title='bbox 105 2163 157 2246; x_wconf 43' lang='grc'><strong>[70.</strong></span> <span class='ocrx_word' id='word_1_193' title='bbox 179 2169 260 2227; x_wconf 87' lang='lat' dir='ltr'><strong>Pater</strong></span> <span class='ocrx_word' id='word_1_194' title='bbox 274 2170 487 2243; x_wconf 85' lang='lat' dir='ltr'><strong>(universorum)</strong></span> <span class='ocrx_word' id='word_1_195' title='bbox 501 2186 590 2241; x_wconf 91' lang='lat' dir='ltr'><strong>quum</strong></span> <span class='ocrx_word' id='word_1_196' title='bbox 605 2169 713 2240; x_wconf 88' lang='lat' dir='ltr'><strong>aliquid</strong></span> <span class='ocrx_word' id='word_1_197' title='bbox 727 2169 793 2224; x_wconf 90' lang='lat' dir='ltr'><strong>boni</strong></span> <span class='ocrx_word' id='word_1_198' title='bbox 805 2169 857 2223; x_wconf 92' lang='lat' dir='ltr'><strong>ali-</strong></span> 
     </span>
     <span class='ocr_line' id='line_1_26' title="bbox 76 2236 856 2317; baseline 0.01 -29"><span class='ocrx_word' id='word_1_199' title='bbox 76 2236 303 2310; x_wconf 68' lang='lat' dir='ltr'><strong>minoraverit,</strong></span> <span class='ocrx_word' id='word_1_200' title='bbox 332 2244 363 2301; x_wconf 91' lang='lat' dir='ltr'><strong>id</strong></span> <span class='ocrx_word' id='word_1_201' title='bbox 381 2243 583 2317; x_wconf 81' lang='lat' dir='ltr'><strong>peculiarem*)</strong></span> <span class='ocrx_word' id='word_1_202' title='bbox 603 2245 720 2317; x_wconf 79' lang='lat' dir='ltr'><strong>gratiam</strong></span> <span class='ocrx_word' id='word_1_203' title='bbox 738 2245 856 2315; x_wconf 80' lang='lat' dir='ltr'><strong>sapienti</strong></span> 
     </span>
     <span class='ocr_line' id='line_1_27' title="bbox 76 2303 857 2392; baseline 0.005 -23"><span class='ocrx_word' id='word_1_204' title='bbox 76 2303 159 2390; x_wconf 65' lang='lat' dir='ltr'><strong>fletam</strong></span> <span class='ocrx_word' id='word_1_205' title='bbox 172 2321 324 2388; x_wconf 80' lang='lat' dir='ltr'><strong>existimat3</strong></span> <span class='ocrx_word' id='word_1_206' title='bbox 362 2321 436 2375; x_wconf 86' lang='lat' dir='ltr'><strong>siout</strong></span> <span class='ocrx_word' id='word_1_207' title='bbox 452 2328 479 2374; x_wconf 87' lang='lat' dir='ltr'><strong>et</strong></span> <span class='ocrx_word' id='word_1_208' title='bbox 496 2335 572 2374; x_wconf 86' lang='lat' dir='ltr'><strong>nuno</strong></span> <span class='ocrx_word' id='word_1_209' title='bbox 590 2321 715 2392; x_wconf 78' lang='lat' dir='ltr'><strong>contigit.</strong></span> <span class='ocrx_word' id='word_1_210' title='bbox 764 2318 857 2385; x_wconf 89' lang='lat' dir='ltr'><strong>Quon-</strong></span> 
     </span>
     <span class='ocr_line' id='line_1_28' title="bbox 75 2391 857 2472; baseline 0.005 -30"><span class='ocrx_word' id='word_1_211' title='bbox 75 2397 121 2472; x_wconf 63' lang='lat'>¹³¹³.</span> <span class='ocrx_word' id='word_1_212' title='bbox 133 2391 238 2450; x_wconf 84' lang='lat' dir='ltr'><strong>videtur</strong></span> <span class='ocrx_word' id='word_1_213' title='bbox 252 2404 362 2467; x_wconf 86' lang='lat' dir='ltr'><strong>propter</strong></span> <span class='ocrx_word' id='word_1_214' title='bbox 375 2396 527 2450; x_wconf 90' lang='lat' dir='ltr'><strong>orationem</strong></span> <span class='ocrx_word' id='word_1_215' title='bbox 542 2394 675 2465; x_wconf 86' lang='lat' dir='ltr'><strong>sapientis</strong></span> <span class='ocrx_word' id='word_1_216' title='bbox 686 2394 857 2464; x_wconf 87' lang='lat' dir='ltr'><strong>praestitisse</strong></span> 
     </span>
     <span class='ocr_line' id='line_1_29' title="bbox 78 2455 858 2542; baseline 0.01 -31"><span class='ocrx_word' id='word_1_217' title='bbox 78 2455 225 2524; x_wconf 81' lang='lat' dir='ltr'><strong>oblivionem</strong></span> <span class='ocrx_word' id='word_1_218' title='bbox 236 2478 348 2542; x_wconf 87' lang='lat' dir='ltr'><strong>peccato</strong></span> <span class='ocrx_word' id='word_1_219' title='bbox 358 2469 544 2527; x_wconf 81' lang='lat' dir='ltr'><strong>involuntario</strong></span> <span class='ocrx_word' id='word_1_220' title='bbox 555 2468 653 2525; x_wconf 89' lang='lat' dir='ltr'><strong>domus</strong></span> <span class='ocrx_word' id='word_1_221' title='bbox 662 2468 749 2531; x_wconf 90' lang='lat' dir='ltr'><strong>illius,</strong></span> <span class='ocrx_word' id='word_1_222' title='bbox 759 2483 858 2538; x_wconf 89' lang='lat' dir='ltr'><strong>quam-</strong></span> 
     </span>
    </p>
   </div>
   <div class='ocr_carea' id='block_1_7' title="bbox 77 2532 858 2655">
    <p class='ocr_par' dir='ltr' id='par_1_9' title="bbox 77 2532 858 2655">
     <span class='ocr_line' id='line_1_30' title="bbox 77 2532 858 2619; baseline 0.013 -36"><span class='ocrx_word' id='word_1_223' title='bbox 77 2532 112 2587; x_wconf 84' lang='lat' dir='ltr'><strong>vis</strong></span> <span class='ocrx_word' id='word_1_224' title='bbox 129 2555 201 2598; x_wconf 91' lang='lat' dir='ltr'><strong>nemo</strong></span> <span class='ocrx_word' id='word_1_225' title='bbox 219 2544 403 2619; x_wconf 61' lang='lat' dir='ltr'><strong>oraveraffl).</strong></span> <span class='ocrx_word' id='word_1_226' title='bbox 443 2544 587 2600; x_wconf 83' lang='lat' dir='ltr'><strong>Caeterum</strong></span> <span class='ocrx_word' id='word_1_227' title='bbox 607 2544 760 2600; x_wconf 88' lang='lat' dir='ltr'><strong>doctrinam</strong></span> <span class='ocrx_word' id='word_1_228' title='bbox 775 2540 858 2595; x_wconf 90' lang='lat' dir='ltr'><strong>tradit</strong></span> 
     </span>
     <span class='ocr_line' id='line_1_31' title="bbox 78 2629 269 2655; baseline 0.016 -3"><span class='ocrx_word' id='word_1_229' title='bbox 78 2629 269 2655; x_wconf 40' lang='lat' dir='ltr'><strong>x*</strong></span> 
     </span>
    </p>
   </div>
   <div class='ocr_carea' id='block_1_8' title="bbox 118 2675 815 2803">
    <p class='ocr_par' dir='ltr' id='par_1_10' title="bbox 118 2675 815 2803">
     <span class='ocr_line' id='line_1_32' title="bbox 118 2675 685 2734; baseline -0.009 -10"><span class='ocrx_word' id='word_1_230' title='bbox 118 2675 138 2722; x_wconf 76' lang='lat' dir='ltr'><strong>&#39;i</strong></span> <span class='ocrx_word' id='word_1_231' title='bbox 151 2692 168 2722; x_wconf 82' lang='grc' dir='ltr'><strong>ι.</strong></span> <span class='ocrx_word' id='word_1_232' title='bbox 179 2686 229 2724; x_wconf 71' lang='lat' dir='ltr'><strong>utu</strong></span> <span class='ocrx_word' id='word_1_233' title='bbox 237 2686 384 2734; x_wconf 65' lang='lat' dir='ltr'><strong>mamm,</strong></span> <span class='ocrx_word' id='word_1_234' title='bbox 398 2688 422 2726; x_wconf 73' lang='lat' dir='ltr'><strong>aa</strong></span> <span class='ocrx_word' id='word_1_235' title='bbox 434 2687 527 2734; x_wconf 62' lang='lat' dir='ltr'><strong>arsam</strong></span> <span class='ocrx_word' id='word_1_236' title='bbox 540 2688 577 2724; x_wconf 70' lang='lat' dir='ltr'><strong>aa.</strong></span> <span class='ocrx_word' id='word_1_237' title='bbox 604 2683 685 2722; x_wconf 73' lang='lat' dir='ltr'><strong>Aaou.</strong></span> 
     </span>
     <span class='ocr_line' id='line_1_33' title="bbox 120 2744 815 2803; baseline -0.022 -4"><span class='ocrx_word' id='word_1_238' title='bbox 120 2744 151 2794; x_wconf 78' lang='lat'><strong>¹⁶&gt;</strong></span> <span class='ocrx_word' id='word_1_239' title='bbox 162 2761 178 2792; x_wconf 77' lang='lat' dir='ltr'><strong>s.</strong></span> <span class='ocrx_word' id='word_1_240' title='bbox 193 2753 356 2803; x_wconf 65' lang='lat' dir='ltr'><strong>asnjam</strong></span> <span class='ocrx_word' id='word_1_241' title='bbox 370 2757 425 2801; x_wconf 66' lang='lat' dir='ltr'><strong>aar,</strong></span> <span class='ocrx_word' id='word_1_242' title='bbox 439 2755 459 2792; x_wconf 72' lang='grc' dir='ltr'><strong>ιι·</strong></span> <span class='ocrx_word' id='word_1_243' title='bbox 472 2755 536 2793; x_wconf 74' lang='lat' dir='ltr'><strong>atram</strong></span> <span class='ocrx_word' id='word_1_244' title='bbox 548 2759 608 2791; x_wconf 70' lang='lat' dir='ltr'><strong>nemo</strong></span> <span class='ocrx_word' id='word_1_245' title='bbox 621 2750 708 2787; x_wconf 64' lang='lat' dir='ltr'><strong>trater.</strong></span> <span class='ocrx_word' id='word_1_246' title='bbox 734 2746 815 2785; x_wconf 67' lang='lat' dir='ltr'><strong>Aaou.</strong></span> 
     </span>
    </p>
   </div>
   <div class='ocr_carea' id='block_1_9' title="bbox 0 0 1046 3100">
    <p class='ocr_par' dir='ltr' id='par_1_11' title="bbox 0 0 1046 3100">
     <span class='ocr_line' id='line_1_34' title="bbox 0 0 1046 3100; baseline 0 0"><span class='ocrx_word' id='word_1_247' title='bbox 0 0 1046 3100; x_wconf 95' lang='lat' dir='ltr'><strong> </strong></span> 
     </span>
    </p>
   </div>
  </div>
 </body>
</html>
