2050 3100
59 193 154 261 [uzon]
207 201 248 246 IN
271 200 451 247 GENESIN.
477 198 606 245 SERMO
625 201 670 247 IV·
791 196 835 249 l2l

85 403 325 457 monetaneum:
342 406 567 471 „Rexcdeoeain
577 408 685 457 71⁰th
701 412 753 470 (2³,
766 412 801 467 6.)

98 541 135 595 76.
152 543 292 615 Imprimis
308 540 381 597 illud
391 542 451 598 vult
461 542 621 616 designare,
637 541 712 613 quod
726 543 775 597 ille
786 545 836 614 qui

57 630 135 682 purae,
155 634 208 673 non
223 635 291 674 vero
311 618 422 673 dolosae
441 619 591 673 aemulator
611 625 652 673 est
672 618 833 688 sapientiae,

57 689 114 758 apud
125 708 228 758 omnes,
251 710 308 748 non
323 694 414 747 solum
429 692 503 764 apud
520 694 658 765 sapientes
676 694 833 757 rationales,

57 765 170 822 mirabilia
190 777 231 823 est
251 777 337 840 atque
356 767 540 835 honorabilis3
562 778 617 823 non
635 777 741 822 tantum
761 770 834 823 sicut

55 839 175 912 princeps,
195 860 296 899 verum
317 843 401 897 etiam
419 851 560 913 tamquam
579 845 709 916 princeps
728 844 831 915 princi-

55 928 119 980 pum,
145 919 223 989 isque
243 918 376 983 divinus,
406 926 433 973 et
454 934 504 973 rex
522 936 634 991 regum,
667 920 788 989 optimus
808 927 833 973 et

54 1001 193 1057 generosus,
209 995 260 1065 qui
271 1010 329 1048 non
340 993 375 1047 ab
385 992 559 1059 bominibus,
576 993 625 1048 sed
636 992 712 1048 adeo
723 992 831 1047 ordina-

55 1069 88 1115 tus
96 1066 135 1120 sit.
151 1067 279 1124 Secundo
290 1084 357 1123 vero
368 1068 458 1141 legem
468 1069 564 1123 statuit
574 1069 659 1122 nimis
669 1068 831 1131 naturalem,

54 1150 118 1203 quan
127 1144 249 1198 nonnulli
260 1143 558 1216 philosophorumaibi
569 1142 762 1197 conciliarunt.
777 1143 832 1197 Lex

54 1219 189 1283 astantem,
206 1228 236 1274 ut
246 1236 284 1274 ex
295 1219 494 1290 insipientibus
504 1217 600 1272 nullus
614 1218 651 1271 sit
661 1233 723 1279 rex,
735 1232 833 1285 qnam-

55 1285 86 1339 vis
97 1296 173 1347 terrae
187 1301 214 1348 et
227 1295 317 1349 maris
331 1302 414 1350 totam
428 1296 487 1350 vim
501 1292 674 1364 subiugarit,
695 1290 745 1345 aad
758 1291 834 1345 aolus

53 1364 143 1430 sapiens
161 1376 187 1423 et
205 1369 252 1425 dei
272 1385 384 1433 amans,
413 1378 521 1440 praeter
539 1376 632 1439 partes
651 1374 832 1438 apparatuum

53 1449 236 1515 armorumque,
257 1443 364 1517 quibus
378 1445 461 1499 multi
473 1444 622 1517 proficiunt
635 1460 685 1514 per
699 1442 757 1497 vim
771 1442 832 1497 vio-

53 1507 144 1570 lentam.
180 1520 307 1585 Etenim,
328 1520 402 1574 sicut
418 1522 545 1576 nauticae
560 1518 605 1575 vel
619 1517 773 1574 medicinae
786 1518 831 1576 vel

53 1590 153 1647 musico
162 1597 186 1648 ai
196 1597 261 1667 quia
275 1596 422 1667 imperitus
432 1598 482 1660 ait,
498 1613 550 1668 pro
560 1603 719 1668 argumento
729 1603 794 1649 sunt
804 1595 831 1648 ei

53 1658 130 1719 clarus
143 1677 168 1723 et
180 1671 401 1726 medicaminum
415 1673 597 1727 commixtura
611 1679 638 1727 et
652 1671 720 1732 tibia
731 1678 758 1725 et
772 1669 831 1742 lyra

52 1741 185 1824 -apllum
203 1748 281 1801 enim
299 1746 414 1800 istorum
433 1763 567 1818 usurpare
584 1754 674 1818 potest
694 1744 728 1800 ad
749 1760 831 1798 usum

53 1812 210 1885 destinatum,
232 1831 261 1876 at
281 1821 418 1876 navarcho
434 1830 460 1877 et
474 1821 582 1876 medico
597 1829 624 1877 et
638 1822 744 1876 musico
759 1819 831 1873 dici·

53 1891 88 1937 tur
106 1895 207 1950 omnino
227 1898 377 1952 convenire
390 1917 442 1952 -ε
463 1897 502 1952 ita
524 1895 658 1969 prolecto,
691 1894 830 1966 siquidem

54 1973 87 2011 ³1⁸
99 1974 135 2019 est
146 1971 281 2039 quaedam
293 1974 403 2044 regium
417 1972 470 2027 hoo
484 1989 599 2036 munus,
617 1979 644 2026 et
654 1972 754 2026 artium
767 1987 832 2041 per-

54 2028 191 2098 fectissima.
230 2049 301 2103 Nam
318 2049 368 2118 qui
387 2048 533 2120 imperitus
556 2053 641 2102 estet
659 2047 769 2101 nescius
786 2061 831 2099 rc-

54 2122 102 2164 fflffl
118 2114 238 2176 hominen
258 2123 428 2186 iuvandum,
450 2122 488 2192 [Ἴ
509 2121 588 2177 rudia
609 2130 691 2193 atque
709 2121 830 2180 rusticus

53 2191 86 2236 0⁸²
101 2195 261 2261 censendus,
292 2215 342 2252 rex
361 2205 452 2254 autem
472 2197 608 2253 dicendus
628 2197 703 2251 solus
725 2196 830 2268 peritus

55 2269 200 2338 tumque.
214 2271 408 2328 Verumtamen
418 2275 499 2328 tertio
508 2272 581 2328 illud
591 2288 701 2343 quoque
712 2279 827 2332 enarrat,

55 2336 115 2399 l¹¹⁰d
124 2340 165 2396 dei
175 2345 279 2400 iudicia
287 2357 420 2420 superant
428 2348 563 2403 humana:
580 2347 706 2403 homines
718 2347 830 2402 enimin

55 2414 149 2470 materia
158 2422 331 2492 corruptibili
345 2440 423 2489 eum,
439 2425 489 2495 qui
500 2423 624 2496 possidet
634 2422 831 2478 abundantiam

56 2494 135 2552 ⁰lllm.
167 2495 319 2569 principem
343 2497 542 2571 dominumque
567 2498 623 2556 sibi
649 2498 828 2560 arbitrantur3

57 2551 111 2613 ‘¹⁰⁰⁸
120 2580 195 2632 V010,
211 2572 282 2641 apud
295 2589 378 2644 quem
393 2574 463 2628 nihil
475 2590 651 2643 eorumquae
665 2571 831 2626 inanimatae

56 2624 188 2719 brutaeque
197 2648 324 2703 materiae
334 2657 412 2713 sunt,
427 2650 548 2720 pretium
560 2647 670 2708 habent,
687 2659 774 2713 quum
787 2643 841 2696 vi—·

58 2700 238 2775 lemannum
249 2725 351 2795 optime
366 2732 529 2797 purgatum,
545 2738 600 2778 una
615 2736 679 2775 cum
691 2723 782 2772 mente
796 2715 832 2770 li-
