2050 3100
151 163 200 218 244
275 166 373 212 PHIL.
392 165 465 211 IUD.
486 165 648 222 QUAEST.
662 165 716 209 'ET
736 165 814 211 SOL.
834 160 878 226 [1],
888 161 950 226 lou]

151 268 255 324 malum
268 267 431 322 inimicitiae
446 273 473 320 et
483 266 649 330 iniustitiae,
665 265 732 320 mali
742 273 819 334 suut3
844 267 875 320 in
885 269 952 338 qui-

151 345 203 398 bus
214 351 306 398 autem
315 343 440 414 opposita
450 341 623 413 praevalent,
643 342 745 395 virtute
759 339 894 412 praediti3
922 343 951 395 in
1019 400 1020 407 χ

151 418 214 472 aliis
228 433 293 472 vcro
308 418 359 481 ita,
381 417 461 487 quasi
476 416 600 488 aequalis
614 417 651 471 sit
665 416 838 470 commixtio:
868 416 909 471 ita
921 425 952 470 ut

151 492 222 548 nulli
232 493 301 556 sint,
317 493 365 562 qui
376 491 468 546 omnia
478 491 550 547 mala
559 490 678 546 habeant
688 491 749 546 sine
757 490 815 546 ullo
827 489 913 547 bono.

196 683 243 733 Cur
256 683 331 748 pelles
348 682 476 732 taedarum
492 699 564 747 super
582 682 681 732 hechia
698 691 721 731 et
736 697 807 745 nuper
823 680 909 731 cedrea

408 750 548 814 imperuim
565 752 617 814 (27,
635 749 689 813 16.)

207 889 266 944 tol.
288 888 390 942 Littera
400 886 546 942 manifesta
556 893 597 940 est
607 893 635 940 et
646 884 783 950 visibilis,
804 892 835 940 ut
849 901 950 957 nempe
1019 928 1020 951 p

150 966 335 1036 ignoraretur,
359 980 394 1018 nc
409 961 653 1034 comprehenderet
670 977 736 1015 eum
754 967 845 1032 pater,
867 969 950 1032 atque

150 1039 192 1094 sic
202 1055 332 1110 praesens
342 1046 484 1110 putaretur
493 1053 547 1092 non
558 1036 681 1106 ille‚qui
693 1032 794 1099 aderat,
806 1032 856 1089 sed
867 1035 950 1090 irater

150 1130 219 1169 suus
233 1113 342 1169 absens.
382 1114 525 1185 Propterea
536 1113 714 1184 imponuntur
725 1109 847 1164 brachiis
857 1119 885 1165 et
896 1128 951 1165 nu-

150 1189 230 1245 ditati
251 1188 315 1244 colli
334 1188 485 1243 haedorum
502 1187 664 1258 pelliculae.
686 1187 752 1256 quia
766 1185 873 1258 pilosus
888 1187 950 1257 ipse

151 1274 217 1320 erat.
261 1264 304 1320 Ad
324 1273 443 1319 mentem
463 1280 541 1327 vero,
566 1264 632 1334 quia
652 1260 765 1316 brachie
784 1260 950 1331 humerique

330 1359 339 1378 ο

153 1403 954 1434 ------——.—-----—-L-——-.

150 1527 197 1573 nat
216 1518 410 1589 palaestricum
430 1535 514 1591 quem
538 1520 656 1576 sollicite
675 1520 795 1593 applicat
815 1528 847 1576 ut
864 1522 950 1593 patri.
1019 1524 1020 1537 ¹

149 1594 184 1649 Et
198 1594 269 1648 sicut
284 1601 326 1647 est
340 1594 555 1650 familiarissima
569 1614 614 1651 res
623 1596 746 1651 musicae
756 1596 874 1661 cithera,
896 1614 953 1670 gn-

150 1668 288 1723 bernatori
297 1676 438 1724 temonum
449 1671 632 1727 retinaculum
642 1680 669 1727 et
682 1671 790 1727 medico
803 1671 952 1746 collyrium

150 1760 204 1797 non
215 1743 375 1813 tempelcxii
389 1743 550 1819 plenum*),
572 1748 622 1817 qui
636 1749 753 1820 cupiunt
767 1747 850 1802 etiam
864 1764 953 1801 naves

151 1835 247 1872 aureas
257 1817 372 1882 habere,
386 1827 413 1873 et
422 1820 684 1877 medicamentorum
694 1822 790 1878 horrea
800 1822 897 1894 plena,
912 1822 954 1876 ita

150 1900 222 1947 certa
233 1909 347 1947 censura
359 1902 413 1958 est.
434 1906 461 1951 et
470 1896 583 1969 elegans
593 1896 785 1969 pulchritudo,
805 1898 953 1968 quasincn

150 1968 265 2039 quidem
279 1970 423 2041 proprium
437 1972 582 2043 praedium
597 1972 724 2039 alterius,
746 1972 796 2028 sed
805 1974 955 2045 proprium
1019 1989 1020 2038 ᾗ

150 2042 263 2098 artificis
275 2043 359 2117 digne
368 2053 394 2100 et
403 2062 534 2119 prospere
543 2056 660 2103 utentes.

159 2216 260 2294 'Quare
274 2238 349 2302 pellea
368 2256 439 2303 super
458 2240 558 2289 brachia
575 2250 598 2289 et
614 2239 744 2290 auddetem
761 2238 818 2289 colli
829 2240 928 2303 pertriti
1019 2245 1021 2296 ξ

207 2376 266 2430 iul.
291 2374 399 2428 Dictum
418 2376 554 2439 insinuat,
575 2392 631 2447 qua
648 2378 736 2448 possit
754 2376 854 2440 latere,
881 2376 959 2431 assi-

150 2456 225 2503 stens
235 2449 306 2520 patri
317 2466 351 2502 ne
365 2448 506 2505 videretur
519 2451 584 2521 quis
598 2452 648 2515 sit,
662 2451 720 2505 ‘sed
734 2451 835 2507 absens
853 2449 956 2507 irater:

150 2524 327 2578 circundatur
340 2523 466 2588 brachia,
492 2533 520 2579 et
533 2526 586 2579 alia
604 2527 730 2596 proxima
745 2525 870 2582 membra
884 2528 957 2582 ovili

150 2620 360 2634 -υ--ι

200 2664 223 2709 ·)
236 2665 263 2703 Io
279 2675 358 2713 maru:
385 2664 411 2703 111
424 2670 514 2713 utroque
531 2665 646 2713 exemplari
658 2668 690 2707 lte
701 2668 822 2716 legebatun
840 2669 898 2709 torta
910 2679 958 2709 uon

150 2712 262 2759 tantopere
270 2715 399 2763 locupletum
408 2718 455 2755 crat
463 2714 584 2764 legendum.
636 2728 640 2732 ²
