<?xml version="1.0" encoding="UTF-8"?>
<!DOCTYPE html PUBLIC "-//W3C//DTD XHTML 1.0 Transitional//EN"
    "http://www.w3.org/TR/xhtml1/DTD/xhtml1-transitional.dtd">
<html xmlns="http://www.w3.org/1999/xhtml" xml:lang="en" lang="en">
 <head>
  <title>
</title>
<meta http-equiv="Content-Type" content="text/html;charset=utf-8" />
  <meta name='ocr-system' content='tesseract 3.04.00' />
  <meta name='ocr-capabilities' content='ocr_page ocr_carea ocr_par ocr_line ocrx_word'/>
</head>
<body>
  <div class='ocr_page' id='page_1' title='image "./operaomniaadlib02philgoog/operaomniaadlib02philgoog_0037.png"; bbox 0 0 2050 3100; ppageno 0'>
   <div class='ocr_carea' id='block_1_1' title="bbox 171 206 978 272">
    <p class='ocr_par' dir='ltr' id='par_1_1' title="bbox 171 206 978 272">
     <span class='ocr_line' id='line_1_1' title="bbox 171 206 978 272; baseline -0.001 -14"><span class='ocrx_word' id='word_1_1' title='bbox 171 207 203 259; x_wconf 68' lang='lat'><strong>20</strong></span> <span class='ocrx_word' id='word_1_2' title='bbox 296 209 393 255; x_wconf 79' lang='lat' dir='ltr'><strong>rum.</strong></span> <span class='ocrx_word' id='word_1_3' title='bbox 412 207 486 253; x_wconf 80' lang='lat' dir='ltr'><strong>uun.</strong></span> <span class='ocrx_word' id='word_1_4' title='bbox 506 207 671 265; x_wconf 75' lang='lat' dir='ltr'><strong>casseu.</strong></span> <span class='ocrx_word' id='word_1_5' title='bbox 690 209 739 255; x_wconf 82' lang='lat' dir='ltr'><strong>uu</strong></span> <span class='ocrx_word' id='word_1_6' title='bbox 763 211 841 255; x_wconf 81' lang='lat' dir='ltr'><strong>son.</strong></span> <span class='ocrx_word' id='word_1_7' title='bbox 860 206 978 272; x_wconf 86' lang='lat' dir='ltr'>[11,1oo.]</span> 
     </span>
    </p>
   </div>
   <div class='ocr_carea' id='block_1_2' title="bbox 64 306 979 382">
    <p class='ocr_par' dir='ltr' id='par_1_2' title="bbox 64 306 979 382">
     <span class='ocr_line' id='line_1_2' title="bbox 64 306 979 382; baseline 0 -17"><span class='ocrx_word' id='word_1_8' title='bbox 64 306 72 315; x_wconf 70' lang='lat'><strong><em>‘</em></strong></span> <span class='ocrx_word' id='word_1_9' title='bbox 171 310 329 382; x_wconf 83' lang='lat' dir='ltr'>opinionem</span> <span class='ocrx_word' id='word_1_10' title='bbox 340 309 429 381; x_wconf 82' lang='lat' dir='ltr'><strong>magis</strong></span> <span class='ocrx_word' id='word_1_11' title='bbox 440 324 524 379; x_wconf 84' lang='lat' dir='ltr'><strong>quam</strong></span> <span class='ocrx_word' id='word_1_12' title='bbox 534 309 677 364; x_wconf 78' lang='lat' dir='ltr'><strong>veritatem</strong></span> <span class='ocrx_word' id='word_1_13' title='bbox 687 308 848 373; x_wconf 77' lang='lat' dir='ltr'><strong>admittens,</strong></span> <span class='ocrx_word' id='word_1_14' title='bbox 865 311 895 363; x_wconf 86' lang='lat' dir='ltr'><strong>in</strong></span> <span class='ocrx_word' id='word_1_15' title='bbox 905 313 979 381; x_wconf 88' lang='lat' dir='ltr'><strong>qui-</strong></span> 
     </span>
    </p>
   </div>
   <div class='ocr_carea' id='block_1_3' title="bbox 170 381 977 531">
    <p class='ocr_par' dir='ltr' id='par_1_3' title="bbox 170 381 977 531">
     <span class='ocr_line' id='line_1_3' title="bbox 170 381 977 454; baseline 0.001 -14"><span class='ocrx_word' id='word_1_16' title='bbox 170 385 224 440; x_wconf 87' lang='lat' dir='ltr'><strong>bus</strong></span> <span class='ocrx_word' id='word_1_17' title='bbox 234 399 328 437; x_wconf 88' lang='lat' dir='ltr'><strong>semen</strong></span> <span class='ocrx_word' id='word_1_18' title='bbox 339 382 643 453; x_wconf 80' lang='lat' dir='ltr'><strong>prophetorumlsmaei</strong></span> <span class='ocrx_word' id='word_1_19' title='bbox 658 381 691 454; x_wconf 88' lang='lat' dir='ltr'><strong>(s.</strong></span> <span class='ocrx_word' id='word_1_20' title='bbox 708 383 856 440; x_wconf 75' lang='lat' dir='ltr'><strong>admittens</strong></span> <span class='ocrx_word' id='word_1_21' title='bbox 871 384 907 438; x_wconf 82' lang='lat' dir='ltr'><strong>ud</strong></span> <span class='ocrx_word' id='word_1_22' title='bbox 921 402 977 441; x_wconf 84' lang='lat' dir='ltr'><strong>ou·</strong></span> 
     </span>
     <span class='ocr_line' id='line_1_4' title="bbox 171 457 471 531; baseline 0 -18"><span class='ocrx_word' id='word_1_23' title='bbox 171 458 313 531; x_wconf 81' lang='lat' dir='ltr'><strong>cupsndos</strong></span> <span class='ocrx_word' id='word_1_24' title='bbox 323 457 471 530; x_wconf 85' lang='lat' dir='ltr'><strong>videntes).</strong></span> 
     </span>
    </p>
   </div>
   <div class='ocr_carea' id='block_1_4' title="bbox 174 597 974 730">
    <p class='ocr_par' dir='ltr' id='par_1_4' title="bbox 174 597 974 730">
     <span class='ocr_line' id='line_1_5' title="bbox 174 597 974 664; baseline 0 -15"><span class='ocrx_word' id='word_1_25' title='bbox 174 597 253 656; x_wconf 82' lang='lat' dir='ltr'><strong><em>Quare</em></strong></span> <span class='ocrx_word' id='word_1_26' title='bbox 271 598 364 662; x_wconf 81' lang='lat' dir='ltr'><strong><em>„Sara</em></strong></span> <span class='ocrx_word' id='word_1_27' title='bbox 381 616 441 649; x_wconf 79' lang='lat' dir='ltr'><strong>uror</strong></span> <span class='ocrx_word' id='word_1_28' title='bbox 457 598 573 649; x_wconf 76' lang='lat' dir='ltr'><strong><em>Abrahae</em></strong></span> <span class='ocrx_word' id='word_1_29' title='bbox 587 615 634 648; x_wconf 80' lang='lat' dir='ltr'><strong>noa</strong></span> <span class='ocrx_word' id='word_1_30' title='bbox 646 601 778 663; x_wconf 71' lang='lat' dir='ltr'><strong>acuerabat</strong></span> <span class='ocrx_word' id='word_1_31' title='bbox 793 602 829 663; x_wconf 81' lang='lat' dir='ltr'><strong>(e.</strong></span> <span class='ocrx_word' id='word_1_32' title='bbox 839 600 974 664; x_wconf 66' lang='lat' dir='ltr'><strong>pariebat)</strong></span> 
     </span>
     <span class='ocr_line' id='line_1_6' title="bbox 435 664 705 730; baseline 0 -15"><span class='ocrx_word' id='word_1_33' title='bbox 435 666 496 715; x_wconf 63' lang='lat' dir='ltr'><strong>aur</strong></span> <span class='ocrx_word' id='word_1_34' title='bbox 517 664 594 730; x_wconf 81' lang='lat' dir='ltr'><strong>(Gen.</strong></span> <span class='ocrx_word' id='word_1_35' title='bbox 612 672 652 727; x_wconf 81' lang='lat' dir='ltr'><strong>lc,</strong></span> <span class='ocrx_word' id='word_1_36' title='bbox 669 668 705 727; x_wconf 75' lang='lat' dir='ltr'><strong>r.)</strong></span> 
     </span>
    </p>
   </div>
   <div class='ocr_carea' id='block_1_5' title="bbox 167 766 974 2408">
    <p class='ocr_par' dir='ltr' id='par_1_5' title="bbox 167 766 974 2408">
     <span class='ocr_line' id='line_1_7' title="bbox 229 766 971 834; baseline 0.001 -13"><span class='ocrx_word' id='word_1_37' title='bbox 229 773 269 822; x_wconf 86' lang='lat' dir='ltr'><strong>t8.</strong></span> <span class='ocrx_word' id='word_1_38' title='bbox 291 766 801 824; x_wconf 79' lang='lat' dir='ltr'><strong>Steriliscelebreturmoternotionis.</strong></span> <span class='ocrx_word' id='word_1_39' title='bbox 833 768 971 834; x_wconf 83' lang='lat' dir='ltr'><strong>Primum,</strong></span> 
     </span>
     <span class='ocr_line' id='line_1_8' title="bbox 171 840 974 915; baseline -0.001 -17"><span class='ocrx_word' id='word_1_40' title='bbox 171 852 201 899; x_wconf 88' lang='lat' dir='ltr'><strong>ut</strong></span> <span class='ocrx_word' id='word_1_41' title='bbox 211 843 365 897; x_wconf 80' lang='lat' dir='ltr'><strong>mirabilior</strong></span> <span class='ocrx_word' id='word_1_42' title='bbox 378 841 603 915; x_wconf 76' lang='lat' dir='ltr'><strong>generationibus</strong></span> <span class='ocrx_word' id='word_1_43' title='bbox 618 840 693 896; x_wconf 84' lang='lat' dir='ltr'><strong>fliius</strong></span> <span class='ocrx_word' id='word_1_44' title='bbox 708 849 837 913; x_wconf 80' lang='lat' dir='ltr'><strong>apparent</strong></span> <span class='ocrx_word' id='word_1_45' title='bbox 849 858 900 913; x_wconf 86' lang='lat' dir='ltr'><strong>per</strong></span> <span class='ocrx_word' id='word_1_46' title='bbox 914 845 974 898; x_wconf 89' lang='lat' dir='ltr'><strong>mi·</strong></span> 
     </span>
     <span class='ocr_line' id='line_1_9' title="bbox 170 914 974 980; baseline -0.001 -7"><span class='ocrx_word' id='word_1_47' title='bbox 170 918 295 973; x_wconf 84' lang='lat' dir='ltr'><strong>reculum</strong></span> <span class='ocrx_word' id='word_1_48' title='bbox 315 918 416 972; x_wconf 90' lang='lat' dir='ltr'><strong>editus.</strong></span> <span class='ocrx_word' id='word_1_49' title='bbox 457 914 598 980; x_wconf 89' lang='lat' dir='ltr'><strong>Secundo,</strong></span> <span class='ocrx_word' id='word_1_50' title='bbox 618 923 722 970; x_wconf 87' lang='lat' dir='ltr'><strong>utnon</strong></span> <span class='ocrx_word' id='word_1_51' title='bbox 741 933 777 971; x_wconf 81' lang='lat' dir='ltr'><strong>ex</strong></span> <span class='ocrx_word' id='word_1_52' title='bbox 795 917 974 973; x_wconf 74' lang='lat' dir='ltr'><strong>matrimonio</strong></span> 
     </span>
     <span class='ocr_line' id='line_1_10' title="bbox 169 989 973 1064; baseline 0 -17"><span class='ocrx_word' id='word_1_53' title='bbox 169 993 339 1064; x_wconf 79' lang='lat' dir='ltr'><strong>potiuerim,</strong></span> <span class='ocrx_word' id='word_1_54' title='bbox 351 1008 436 1063; x_wconf 86' lang='lat' dir='ltr'><strong>quem</strong></span> <span class='ocrx_word' id='word_1_55' title='bbox 446 1006 482 1047; x_wconf 82' lang='lat' dir='ltr'><strong>ex</strong></span> <span class='ocrx_word' id='word_1_56' title='bbox 491 989 666 1061; x_wconf 83' lang='lat' dir='ltr'><strong>providentie</strong></span> <span class='ocrx_word' id='word_1_57' title='bbox 675 989 816 1045; x_wconf 75' lang='lat' dir='ltr'><strong>divinarit</strong></span> <span class='ocrx_word' id='word_1_58' title='bbox 825 993 973 1063; x_wconf 74' lang='lat' dir='ltr'>conceptio</span> 
     </span>
     <span class='ocr_line' id='line_1_11' title="bbox 169 1065 972 1138; baseline -0.001 -17"><span class='ocrx_word' id='word_1_59' title='bbox 169 1075 196 1122; x_wconf 89' lang='lat' dir='ltr'><strong>et</strong></span> <span class='ocrx_word' id='word_1_60' title='bbox 215 1068 358 1123; x_wconf 80' lang='lat' dir='ltr'><strong>nativitus:</strong></span> <span class='ocrx_word' id='word_1_61' title='bbox 391 1065 513 1121; x_wconf 88' lang='lat' dir='ltr'><strong>sterilem</strong></span> <span class='ocrx_word' id='word_1_62' title='bbox 533 1065 607 1119; x_wconf 89' lang='lat' dir='ltr'><strong>enim</strong></span> <span class='ocrx_word' id='word_1_63' title='bbox 627 1081 757 1138; x_wconf 81' lang='lat' dir='ltr'><strong>generare</strong></span> <span class='ocrx_word' id='word_1_64' title='bbox 772 1066 972 1137; x_wconf 81' lang='lat' dir='ltr'><strong>cooperiendi</strong></span> 
     </span>
     <span class='ocr_line' id='line_1_12' title="bbox 169 1140 972 1212; baseline 0 -17"><span class='ocrx_word' id='word_1_65' title='bbox 169 1141 308 1197; x_wconf 76' lang='lat' dir='ltr'><strong>facultatis</strong></span> <span class='ocrx_word' id='word_1_66' title='bbox 329 1151 385 1205; x_wconf 82' lang='lat' dir='ltr'><strong>est,</strong></span> <span class='ocrx_word' id='word_1_67' title='bbox 416 1140 466 1197; x_wconf 84' lang='lat' dir='ltr'><strong>sed</strong></span> <span class='ocrx_word' id='word_1_68' title='bbox 485 1140 598 1194; x_wconf 85' lang='lat' dir='ltr'><strong>divinae</strong></span> <span class='ocrx_word' id='word_1_69' title='bbox 617 1140 727 1195; x_wconf 87' lang='lat' dir='ltr'><strong>virtutis</strong></span> <span class='ocrx_word' id='word_1_70' title='bbox 746 1156 826 1212; x_wconf 91' lang='lat' dir='ltr'><strong>opus.</strong></span> <span class='ocrx_word' id='word_1_71' title='bbox 865 1141 972 1195; x_wconf 80' lang='lat' dir='ltr'><strong>Littera</strong></span> 
     </span>
     <span class='ocr_line' id='line_1_13' title="bbox 168 1215 972 1287; baseline -0.001 -16"><span class='ocrx_word' id='word_1_72' title='bbox 168 1218 298 1273; x_wconf 85' lang='lat' dir='ltr'><strong>haecest.</strong></span> <span class='ocrx_word' id='word_1_73' title='bbox 320 1216 582 1272; x_wconf 80' lang='lat' dir='ltr'><strong>Admentemvero:</strong></span> <span class='ocrx_word' id='word_1_74' title='bbox 601 1216 732 1285; x_wconf 89' lang='lat' dir='ltr'><strong>primum,</strong></span> <span class='ocrx_word' id='word_1_75' title='bbox 744 1215 818 1286; x_wconf 89' lang='lat' dir='ltr'><strong>quod</strong></span> <span class='ocrx_word' id='word_1_76' title='bbox 826 1217 972 1287; x_wconf 84' lang='lat' dir='ltr'><strong>peperisse</strong></span> 
     </span>
     <span class='ocr_line' id='line_1_14' title="bbox 168 1289 970 1363; baseline -0.005 -16"><span class='ocrx_word' id='word_1_77' title='bbox 168 1295 311 1363; x_wconf 88' lang='lat' dir='ltr'><strong>proprium</strong></span> <span class='ocrx_word' id='word_1_78' title='bbox 326 1292 438 1347; x_wconf 91' lang='lat' dir='ltr'><strong>mulieri</strong></span> <span class='ocrx_word' id='word_1_79' title='bbox 453 1299 508 1353; x_wconf 88' lang='lat' dir='ltr'><strong>est,</strong></span> <span class='ocrx_word' id='word_1_80' title='bbox 530 1292 604 1345; x_wconf 89' lang='lat' dir='ltr'><strong>siout</strong></span> <span class='ocrx_word' id='word_1_81' title='bbox 617 1306 764 1361; x_wconf 78' lang='lat' dir='ltr'><strong>generasse</strong></span> <span class='ocrx_word' id='word_1_82' title='bbox 778 1289 812 1362; x_wconf 91' lang='lat' dir='ltr'><strong>(s.</strong></span> <span class='ocrx_word' id='word_1_83' title='bbox 826 1290 970 1362; x_wconf 78' lang='lat' dir='ltr'><strong>genuisse)</strong></span> 
     </span>
     <span class='ocr_line' id='line_1_15' title="bbox 168 1364 972 1435; baseline -0.001 -16"><span class='ocrx_word' id='word_1_84' title='bbox 168 1367 302 1421; x_wconf 81' lang='lat' dir='ltr'><strong>musculo.</strong></span> <span class='ocrx_word' id='word_1_85' title='bbox 327 1364 972 1435; x_wconf 81' lang='lat' dir='ltr'><strong>Vultitaqueanimumvirtutsplenummescu-</strong></span> 
     </span>
     <span class='ocr_line' id='line_1_16' title="bbox 169 1437 968 1511; baseline 0 -18"><span class='ocrx_word' id='word_1_86' title='bbox 169 1440 226 1494; x_wconf 90' lang='lat' dir='ltr'><strong>lino</strong></span> <span class='ocrx_word' id='word_1_87' title='bbox 236 1440 331 1511; x_wconf 81' lang='lat' dir='ltr'><strong>generi</strong></span> <span class='ocrx_word' id='word_1_88' title='bbox 346 1440 425 1509; x_wconf 86' lang='lat' dir='ltr'><strong>prius</strong></span> <span class='ocrx_word' id='word_1_89' title='bbox 440 1438 562 1492; x_wconf 87' lang='lat' dir='ltr'><strong>similem</strong></span> <span class='ocrx_word' id='word_1_90' title='bbox 575 1437 705 1502; x_wconf 84' lang='lat' dir='ltr'><strong>reddere,</strong></span> <span class='ocrx_word' id='word_1_91' title='bbox 726 1456 810 1510; x_wconf 85' lang='lat' dir='ltr'><strong>quem</strong></span> <span class='ocrx_word' id='word_1_92' title='bbox 822 1438 968 1503; x_wconf 78' lang='lat' dir='ltr'><strong>feminino,</strong></span> 
     </span>
     <span class='ocr_line' id='line_1_17' title="bbox 169 1511 970 1586; baseline 0.001 -19"><span class='ocrx_word' id='word_1_93' title='bbox 169 1522 315 1586; x_wconf 78' lang='lat' dir='ltr'><strong>cognatum</strong></span> <span class='ocrx_word' id='word_1_94' title='bbox 326 1513 381 1584; x_wconf 90' lang='lat' dir='ltr'><strong>ipsi</strong></span> <span class='ocrx_word' id='word_1_95' title='bbox 393 1512 554 1566; x_wconf 81' lang='lat' dir='ltr'><strong>existimaus</strong></span> <span class='ocrx_word' id='word_1_96' title='bbox 565 1511 700 1585; x_wconf 71' lang='lat' dir='ltr'><strong>coegere,</strong></span> <span class='ocrx_word' id='word_1_97' title='bbox 717 1530 772 1570; x_wconf 87' lang='lat' dir='ltr'><strong>non</strong></span> <span class='ocrx_word' id='word_1_98' title='bbox 782 1530 848 1570; x_wconf 87' lang='lat' dir='ltr'><strong>vero</strong></span> <span class='ocrx_word' id='word_1_99' title='bbox 856 1514 970 1585; x_wconf 73' lang='lat' dir='ltr'><strong>adpeti.</strong></span> 
     </span>
     <span class='ocr_line' id='line_1_18' title="bbox 170 1583 972 1661; baseline 0.001 -19"><span class='ocrx_word' id='word_1_100' title='bbox 170 1586 299 1642; x_wconf 88' lang='lat' dir='ltr'><strong>Secundo</strong></span> <span class='ocrx_word' id='word_1_101' title='bbox 308 1594 440 1659; x_wconf 78' lang='lat' dir='ltr'><strong>generent</strong></span> <span class='ocrx_word' id='word_1_102' title='bbox 451 1583 487 1660; x_wconf 71' lang='lat'><strong>[⁴¹⁶]</strong></span> <span class='ocrx_word' id='word_1_103' title='bbox 500 1585 615 1657; x_wconf 92' lang='lat' dir='ltr'><strong>quidem</strong></span> <span class='ocrx_word' id='word_1_104' title='bbox 625 1587 715 1652; x_wconf 79' lang='lat' dir='ltr'><strong>umbo,</strong></span> <span class='ocrx_word' id='word_1_105' title='bbox 728 1597 782 1643; x_wconf 87' lang='lat' dir='ltr'><strong>tem</strong></span> <span class='ocrx_word' id='word_1_106' title='bbox 793 1589 897 1661; x_wconf 89' lang='lat' dir='ltr'><strong>probus</strong></span> <span class='ocrx_word' id='word_1_107' title='bbox 908 1591 972 1643; x_wconf 86' lang='lat' dir='ltr'><strong>sni-</strong></span> 
     </span>
     <span class='ocr_line' id='line_1_19' title="bbox 168 1662 971 1734; baseline 0 -17"><span class='ocrx_word' id='word_1_108' title='bbox 168 1679 231 1717; x_wconf 89' lang='lat' dir='ltr'><strong>mus</strong></span> <span class='ocrx_word' id='word_1_109' title='bbox 251 1678 335 1732; x_wconf 85' lang='lat' dir='ltr'><strong>quom</strong></span> <span class='ocrx_word' id='word_1_110' title='bbox 354 1677 470 1731; x_wconf 76' lang='lat' dir='ltr'><strong>pravus,</strong></span> <span class='ocrx_word' id='word_1_111' title='bbox 496 1670 629 1734; x_wconf 81' lang='lat' dir='ltr'><strong>generant</strong></span> <span class='ocrx_word' id='word_1_112' title='bbox 647 1671 738 1718; x_wconf 84' lang='lat' dir='ltr'><strong>temen</strong></span> <span class='ocrx_word' id='word_1_113' title='bbox 756 1662 867 1719; x_wconf 86' lang='lat' dir='ltr'><strong>diverso</strong></span> <span class='ocrx_word' id='word_1_114' title='bbox 887 1664 971 1718; x_wconf 91' lang='lat' dir='ltr'><strong>modo</strong></span> 
     </span>
     <span class='ocr_line' id='line_1_20' title="bbox 168 1735 969 1809; baseline -0.001 -17"><span class='ocrx_word' id='word_1_115' title='bbox 168 1746 195 1792; x_wconf 90' lang='lat' dir='ltr'><strong>et</strong></span> <span class='ocrx_word' id='word_1_116' title='bbox 210 1737 357 1792; x_wconf 81' lang='lat' dir='ltr'><strong>contraria:</strong></span> <span class='ocrx_word' id='word_1_117' title='bbox 387 1735 491 1806; x_wconf 92' lang='lat' dir='ltr'><strong>probus</strong></span> <span class='ocrx_word' id='word_1_118' title='bbox 506 1736 578 1791; x_wconf 84' lang='lat' dir='ltr'><strong>bone</strong></span> <span class='ocrx_word' id='word_1_119' title='bbox 591 1747 620 1792; x_wconf 91' lang='lat' dir='ltr'><strong>et</strong></span> <span class='ocrx_word' id='word_1_120' title='bbox 635 1737 730 1801; x_wconf 82' lang='lat' dir='ltr'><strong>utilio,</strong></span> <span class='ocrx_word' id='word_1_121' title='bbox 754 1755 857 1809; x_wconf 78' lang='lat' dir='ltr'><strong>pravus</strong></span> <span class='ocrx_word' id='word_1_122' title='bbox 877 1746 969 1791; x_wconf 87' lang='lat' dir='ltr'><strong>sutem</strong></span> 
     </span>
     <span class='ocr_line' id='line_1_21' title="bbox 168 1811 971 1883; baseline 0.002 -19"><span class='ocrx_word' id='word_1_123' title='bbox 168 1813 229 1865; x_wconf 89' lang='lat' dir='ltr'><strong>sive</strong></span> <span class='ocrx_word' id='word_1_124' title='bbox 240 1811 329 1865; x_wconf 86' lang='lat' dir='ltr'><strong>malus</strong></span> <span class='ocrx_word' id='word_1_125' title='bbox 340 1812 430 1882; x_wconf 81' lang='lat' dir='ltr'><strong>turpia</strong></span> <span class='ocrx_word' id='word_1_126' title='bbox 441 1820 467 1865; x_wconf 89' lang='lat' dir='ltr'><strong>et</strong></span> <span class='ocrx_word' id='word_1_127' title='bbox 477 1811 597 1866; x_wconf 81' lang='lat' dir='ltr'><strong>inutilia.</strong></span> <span class='ocrx_word' id='word_1_128' title='bbox 637 1813 742 1876; x_wconf 87' lang='lat' dir='ltr'><strong>Tertio,</strong></span> <span class='ocrx_word' id='word_1_129' title='bbox 759 1813 809 1883; x_wconf 91' lang='lat' dir='ltr'><strong>qui</strong></span> <span class='ocrx_word' id='word_1_130' title='bbox 822 1821 865 1866; x_wconf 86' lang='lat' dir='ltr'><strong>est</strong></span> <span class='ocrx_word' id='word_1_131' title='bbox 877 1811 971 1866; x_wconf 77' lang='lat' dir='ltr'><strong>adhuc</strong></span> 
     </span>
     <span class='ocr_line' id='line_1_22' title="bbox 167 1885 970 1958; baseline -0.001 -17"><span class='ocrx_word' id='word_1_132' title='bbox 167 1885 354 1956; x_wconf 88' lang='lat' dir='ltr'><strong>proficiscens,</strong></span> <span class='ocrx_word' id='word_1_133' title='bbox 366 1886 401 1940; x_wconf 84' lang='lat' dir='ltr'><strong>ed</strong></span> <span class='ocrx_word' id='word_1_134' title='bbox 409 1887 690 1958; x_wconf 84' lang='lat' dir='ltr'><strong>ipsemsummitetem</strong></span> <span class='ocrx_word' id='word_1_135' title='bbox 700 1886 870 1950; x_wconf 82' lang='lat' dir='ltr'><strong>invitandus,</strong></span> <span class='ocrx_word' id='word_1_136' title='bbox 882 1903 970 1957; x_wconf 87' lang='lat' dir='ltr'><strong>prope</strong></span> 
     </span>
     <span class='ocr_line' id='line_1_23' title="bbox 169 1959 970 2034; baseline 0.002 -21"><span class='ocrx_word' id='word_1_137' title='bbox 169 1968 209 2016; x_wconf 88' lang='lat' dir='ltr'><strong>est</strong></span> <span class='ocrx_word' id='word_1_138' title='bbox 224 1959 259 2013; x_wconf 83' lang='lat' dir='ltr'><strong>ed</strong></span> <span class='ocrx_word' id='word_1_139' title='bbox 275 1959 382 2025; x_wconf 83' lang='lat' dir='ltr'><strong>lumen,</strong></span> <span class='ocrx_word' id='word_1_140' title='bbox 404 1959 479 2032; x_wconf 89' lang='lat' dir='ltr'><strong>quod</strong></span> <span class='ocrx_word' id='word_1_141' title='bbox 493 1961 568 2034; x_wconf 79' lang='lat' dir='ltr'><strong>opud</strong></span> <span class='ocrx_word' id='word_1_142' title='bbox 583 1963 691 2034; x_wconf 83' lang='lat' dir='ltr'><strong>aliquos</strong></span> <span class='ocrx_word' id='word_1_143' title='bbox 711 1961 813 2017; x_wconf 89' lang='lat' dir='ltr'><strong>dicitur</strong></span> <span class='ocrx_word' id='word_1_144' title='bbox 832 1961 970 2017; x_wconf 82' lang='lat' dir='ltr'><strong>oblivioni</strong></span> 
     </span>
     <span class='ocr_line' id='line_1_24' title="bbox 167 2033 970 2109; baseline 0.004 -21"><span class='ocrx_word' id='word_1_145' title='bbox 167 2033 301 2090; x_wconf 84' lang='lat' dir='ltr'><strong>traditum</strong></span> <span class='ocrx_word' id='word_1_146' title='bbox 320 2043 401 2105; x_wconf 80' lang='lat' dir='ltr'><strong>etque</strong></span> <span class='ocrx_word' id='word_1_147' title='bbox 421 2037 606 2108; x_wconf 80' lang='lat' dir='ltr'><strong>incognitum:</strong></span> <span class='ocrx_word' id='word_1_148' title='bbox 643 2037 668 2090; x_wconf 87' lang='lat' dir='ltr'><strong>is</strong></span> <span class='ocrx_word' id='word_1_149' title='bbox 682 2053 747 2109; x_wconf 79' lang='lat' dir='ltr'><strong>ergo</strong></span> <span class='ocrx_word' id='word_1_150' title='bbox 761 2044 843 2107; x_wconf 90' lang='lat' dir='ltr'><strong>prout</strong></span> <span class='ocrx_word' id='word_1_151' title='bbox 856 2036 970 2108; x_wconf 88' lang='lat' dir='ltr'><strong>profici-</strong></span> 
     </span>
     <span class='ocr_line' id='line_1_25' title="bbox 167 2111 967 2182; baseline 0.003 -20"><span class='ocrx_word' id='word_1_152' title='bbox 167 2126 248 2164; x_wconf 85' lang='lat' dir='ltr'><strong>scens</strong></span> <span class='ocrx_word' id='word_1_153' title='bbox 258 2117 314 2174; x_wconf 84' lang='lat' dir='ltr'><strong>est,</strong></span> <span class='ocrx_word' id='word_1_154' title='bbox 337 2119 769 2182; x_wconf 82' lang='lat' dir='ltr'><strong>congeneretneopravaneque</strong></span> <span class='ocrx_word' id='word_1_155' title='bbox 778 2111 879 2182; x_wconf 86' lang='lat' dir='ltr'><strong>probe,</strong></span> <span class='ocrx_word' id='word_1_156' title='bbox 900 2113 967 2182; x_wconf 83' lang='lat' dir='ltr'><strong>quie</strong></span> 
     </span>
     <span class='ocr_line' id='line_1_26' title="bbox 167 2184 969 2257; baseline 0.001 -20"><span class='ocrx_word' id='word_1_157' title='bbox 167 2184 287 2239; x_wconf 81' lang='lat' dir='ltr'><strong>necdum</strong></span> <span class='ocrx_word' id='word_1_158' title='bbox 302 2185 441 2256; x_wconf 84' lang='lat' dir='ltr'><strong>perfectus</strong></span> <span class='ocrx_word' id='word_1_159' title='bbox 456 2194 509 2252; x_wconf 90' lang='lat' dir='ltr'><strong>est;</strong></span> <span class='ocrx_word' id='word_1_160' title='bbox 542 2185 591 2240; x_wconf 87' lang='lat' dir='ltr'><strong>sed</strong></span> <span class='ocrx_word' id='word_1_161' title='bbox 606 2185 731 2257; x_wconf 83' lang='lat' dir='ltr'><strong>aequalis</strong></span> <span class='ocrx_word' id='word_1_162' title='bbox 742 2187 834 2247; x_wconf 74' lang='lat' dir='ltr'><strong>testei,</strong></span> <span class='ocrx_word' id='word_1_163' title='bbox 856 2187 969 2257; x_wconf 83' lang='lat' dir='ltr'><strong>quince</strong></span> 
     </span>
     <span class='ocr_line' id='line_1_27' title="bbox 167 2258 968 2334; baseline 0.001 -22"><span class='ocrx_word' id='word_1_164' title='bbox 167 2267 288 2332; x_wconf 81' lang='lat' dir='ltr'><strong>aegrotat</strong></span> <span class='ocrx_word' id='word_1_165' title='bbox 308 2277 402 2332; x_wconf 86' lang='lat' dir='ltr'><strong>neque</strong></span> <span class='ocrx_word' id='word_1_166' title='bbox 418 2258 538 2331; x_wconf 85' lang='lat' dir='ltr'><strong>perfecte</strong></span> <span class='ocrx_word' id='word_1_167' title='bbox 556 2275 641 2313; x_wconf 84' lang='lat' dir='ltr'><strong>senus</strong></span> <span class='ocrx_word' id='word_1_168' title='bbox 660 2268 703 2314; x_wconf 90' lang='lat' dir='ltr'><strong>est</strong></span> <span class='ocrx_word' id='word_1_169' title='bbox 720 2277 846 2334; x_wconf 88' lang='lat' dir='ltr'><strong>corpore,</strong></span> <span class='ocrx_word' id='word_1_170' title='bbox 867 2259 917 2315; x_wconf 88' lang='lat' dir='ltr'><strong>sed</strong></span> <span class='ocrx_word' id='word_1_171' title='bbox 933 2259 968 2314; x_wconf 89' lang='lat' dir='ltr'><strong>de</strong></span> 
     </span>
     <span class='ocr_line' id='line_1_28' title="bbox 167 2333 844 2408; baseline 0 -20"><span class='ocrx_word' id='word_1_172' title='bbox 167 2333 249 2406; x_wconf 81' lang='lat' dir='ltr'><strong>longa</strong></span> <span class='ocrx_word' id='word_1_173' title='bbox 259 2335 433 2408; x_wconf 77' lang='lat' dir='ltr'><strong>aegritudine</strong></span> <span class='ocrx_word' id='word_1_174' title='bbox 444 2334 535 2390; x_wconf 84' lang='lat' dir='ltr'><strong>adhuc</strong></span> <span class='ocrx_word' id='word_1_175' title='bbox 545 2333 580 2388; x_wconf 86' lang='lat' dir='ltr'><strong>ed</strong></span> <span class='ocrx_word' id='word_1_176' title='bbox 591 2336 736 2393; x_wconf 77' lang='lat' dir='ltr'><strong>sanitatem</strong></span> <span class='ocrx_word' id='word_1_177' title='bbox 746 2333 844 2389; x_wconf 86' lang='lat' dir='ltr'><strong>tendit.</strong></span> 
     </span>
    </p>
   </div>
   <div class='ocr_carea' id='block_1_6' title="bbox 195 2485 942 2616">
    <p class='ocr_par' dir='ltr' id='par_1_6' title="bbox 195 2485 942 2616">
     <span class='ocr_line' id='line_1_29' title="bbox 195 2485 942 2553; baseline -0.001 -16"><span class='ocrx_word' id='word_1_178' title='bbox 195 2486 259 2544; x_wconf 78' lang='lat' dir='ltr'><strong>Quid</strong></span> <span class='ocrx_word' id='word_1_179' title='bbox 276 2499 310 2538; x_wconf 82' lang='lat' dir='ltr'><strong>ast</strong></span> <span class='ocrx_word' id='word_1_180' title='bbox 327 2488 416 2551; x_wconf 82' lang='lat' dir='ltr'><strong>„Erat</strong></span> <span class='ocrx_word' id='word_1_181' title='bbox 434 2487 457 2534; x_wconf 81' lang='lat' dir='ltr'><strong>ei</strong></span> <span class='ocrx_word' id='word_1_182' title='bbox 472 2485 561 2535; x_wconf 79' lang='lat' dir='ltr'><strong>ancilia</strong></span> <span class='ocrx_word' id='word_1_183' title='bbox 576 2487 710 2553; x_wconf 69' lang='lat' dir='ltr'><strong>Aeayptia,</strong></span> <span class='ocrx_word' id='word_1_184' title='bbox 734 2490 774 2538; x_wconf 84' lang='lat' dir='ltr'><strong>cai</strong></span> <span class='ocrx_word' id='word_1_185' title='bbox 789 2505 873 2538; x_wconf 84' lang='lat' dir='ltr'><strong>nomeo</strong></span> <span class='ocrx_word' id='word_1_186' title='bbox 889 2498 942 2539; x_wconf 82' lang='lat' dir='ltr'><strong>erat</strong></span> 
     </span>
     <span class='ocr_line' id='line_1_30' title="bbox 471 2552 659 2616; baseline 0.016 -15"><span class='ocrx_word' id='word_1_187' title='bbox 471 2552 582 2616; x_wconf 74' lang='lat' dir='ltr'><strong>Aqar“?</strong></span> <span class='ocrx_word' id='word_1_188' title='bbox 600 2555 659 2616; x_wconf 87' lang='lat' dir='ltr'><strong>(ib.)</strong></span> 
     </span>
    </p>
   </div>
   <div class='ocr_carea' id='block_1_7' title="bbox 166 2646 1015 2798">
    <p class='ocr_par' dir='ltr' id='par_1_7' title="bbox 166 2646 1015 2798">
     <span class='ocr_line' id='line_1_31' title="bbox 225 2646 1015 2727; baseline 0.004 -20"><span class='ocrx_word' id='word_1_189' title='bbox 225 2659 266 2707; x_wconf 75' lang='lat'><strong>⁴9.</strong></span> <span class='ocrx_word' id='word_1_190' title='bbox 288 2651 781 2727; x_wconf 81' lang='lat' dir='ltr'><strong>Agarexpiiceturperegrinatio,</strong></span> <span class='ocrx_word' id='word_1_191' title='bbox 797 2657 965 2710; x_wconf 80' lang='lat' dir='ltr'><strong>hsecontem</strong></span> <span class='ocrx_word' id='word_1_192' title='bbox 1014 2646 1015 2649; x_wconf 26' lang='lat'>¹</span> 
     </span>
     <span class='ocr_line' id='line_1_32' title="bbox 166 2724 967 2798; baseline 0.007 -18"><span class='ocrx_word' id='word_1_193' title='bbox 166 2745 245 2780; x_wconf 85' lang='lat' dir='ltr'><strong>serve</strong></span> <span class='ocrx_word' id='word_1_194' title='bbox 256 2735 297 2780; x_wconf 89' lang='lat' dir='ltr'><strong>est</strong></span> <span class='ocrx_word' id='word_1_195' title='bbox 306 2724 478 2795; x_wconf 82' lang='lat' dir='ltr'><strong>perfectioris</strong></span> <span class='ocrx_word' id='word_1_196' title='bbox 488 2736 613 2795; x_wconf 63' lang='lat' dir='ltr'><strong>naturam</strong></span> <span class='ocrx_word' id='word_1_197' title='bbox 636 2729 967 2798; x_wconf 71' lang='lat' dir='ltr'><strong>nationedeqyptianimis</strong></span> 
     </span>
    </p>
   </div>
   <div class='ocr_carea' id='block_1_8' title="bbox 0 0 1030 3100">
    <p class='ocr_par' dir='ltr' id='par_1_8' title="bbox 0 0 1030 3100">
     <span class='ocr_line' id='line_1_33' title="bbox 0 0 1030 3100; baseline 0 2"><span class='ocrx_word' id='word_1_198' title='bbox 0 0 1030 3100; x_wconf 95' lang='lat' dir='ltr'><strong> </strong></span> 
     </span>
    </p>
   </div>
  </div>
 </body>
</html>
