2050 3100
136 120 184 173 {96
261 124 358 170 PHIL.
376 122 451 169 1151).
472 122 634 180 Quanam
653 122 704 167 ET
724 122 803 168 SOL.
825 117 868 183 [11,
881 119 941 185 371]
1015 192 1016 195 Ἰ

133 227 206 281 citur
224 222 374 278 flammei
393 222 520 277 coloris
536 228 583 279 sut
596 229 767 286 terrenus,
791 229 819 277 et
833 231 876 278 est
889 241 941 279 no-
1015 216 1016 219 ’

133 316 197 354 men
208 297 243 353 ad
253 298 387 352 amussim
397 298 555 369 appositum
568 296 626 361 illi,
648 298 698 370 qui
712 297 890 353 incontinens
905 298 941 354 de

133 380 274 437 moreest,
290 373 340 443 qui
349 373 420 444 petit
430 388 485 426 non
498 370 629 426 caelestia
643 372 810 443 divinaque,
831 372 883 428 sed
898 381 941 429 to-

132 459 192 506 tum
202 456 342 503 terrenum
353 464 385 502 ac
394 446 589 518 corruptibile,
611 454 750 501 carentem
764 463 831 503 vero
845 448 940 519 quali-

132 533 201 589 tate,
223 522 326 596 figura,
349 520 450 586 forma,
467 522 713 593 incorporeamque
723 520 815 577 ideam
825 523 939 593 penitus
1015 588 1016 597 ἵ

133 600 235 663 nescit,
256 613 347 668 neque
363 598 393 651 in
408 613 518 661 somno,
541 596 590 650 sed
605 613 702 651 servus
718 595 898 659 estcolorum
912 605 939 653 et
1015 608 1016 671 r

133 674 313 746 qualitatum,
330 672 435 743 quibus
445 672 644 728 omnisscnsus
654 670 803 744 decipitur.
1015 672 1016 709 l

157 829 250 903 ‚Quare
268 790 325 881 dicit
335 832 419 897 frater
436 830 498 880 aira:
528 866 545 892 „
557 828 639 880 Vende
656 828 714 879 milti
729 828 799 880 lodic
812 829 903 894 primo·

345 898 458 963 peritiam
476 900 580 947 tuum“?
597 898 651 963 (25,
666 896 721 963 31.)

191 1010 248 1067 ⁴72.
278 1010 393 1073 Littera,
415 1016 551 1081 quantum
570 1024 618 1063 sus
639 1008 708 1063 icari
727 1008 805 1075 licet,
831 1008 938 1065 indicat
1015 1046 1016 1067 r

132 1084 295 1140 aviditatem
305 1085 437 1140 avaritiae
446 1084 578 1148 iunioris,
594 1024 808 1157 &defraudare
822 1084 937 1139 nitentis

130 1161 192 1215 iura
203 1159 295 1215 fratris
304 1161 427 1214 maioris.
462 1160 565 1215 Verum
574 1159 625 1230 qui
635 1159 766 1213 virtutem
776 1156 869 1223 habet,
882 1176 936 1213 non

131 1242 173 1289 est
187 1253 300 1299 avarus,
321 1236 387 1308 quia
402 1235 495 1289 socius
509 1242 551 1288 est
566 1232 732 1305 frugalitatis
747 1240 774 1288 et
789 1232 936 1306 religiosae

131 1310 315 1366 abstinentiae
325 1318 407 1381 atque
417 1310 463 1364 his
471 1310 565 1382 potius
575 1307 694 1379 proficit.
734 1306 831 1363 Certus
841 1310 936 1379 itaque

131 1384 234 1449 factus,
256 1385 331 1455 quod
346 1384 476 1455 frequens
492 1392 520 1439 et
534 1384 670 1438 immensa
684 1384 823 1455 possessio
836 1400 936 1455 super·
1015 1388 1016 1453 ζ

130 1456 187 1513 flua
196 1457 322 1529 improbo
332 1458 505 1513 occasionem
516 1475 667 1531 ausamque
680 1456 814 1532 praebent
827 1459 935 1531 peccati
1015 1462 1016 1473 *

131 1718 186 1755 nus
196 1700 325 1755 coelestia
336 1701 500 1772 appetentis,
512 1708 621 1756 terrena
633 1704 697 1758 vero
707 1706 734 1756 et
743 1699 877 1758 lluxidola
885 1718 938 1773 pe-

130 1775 214 1830 tentis
229 1782 256 1836 st
269 1775 549 1851 inreprehensibilem
564 1779 650 1832 vitam
665 1793 700 1831 ne
714 1776 829 1848 quidem
843 1777 874 1831 in
889 1793 937 1832 so-

130 1849 205 1905 mnis
224 1849 380 1920 cogitantis.
420 1849 566 1910 Coloribus
584 1869 650 1907 vero
664 1860 691 1907 et
704 1851 851 1923 saporibus
864 1852 938 1907 sub-

129 1922 247 1988 iectum,
265 1924 369 1994 quibus
378 1941 428 1998 per
437 1942 548 1986 omnem
559 1943 672 1983 sensum
682 1927 858 1999 opprimitur.

219 2080 301 2140 (λειω
317 2083 391 2135 dicit:
417 2121 435 2149 „
446 2084 528 2134 Vende
541 2083 663 2149 primitias
681 2093 735 2136 luca
752 2085 850 2136 millu

187 2201 244 2259 ⁴⁷2.
262 2203 319 2256 Hoc
328 2202 434 2257 dictum
443 2202 555 2259 ridetur
565 2201 691 2264 fraudem
701 2204 853 2268 insinuare,
866 2203 936 2260 dum

128 2276 218 2331 minor
227 2278 289 2332 iura
298 2278 414 2332 minoris
425 2275 489 2353 (lepe
500 2277 624 2358 maioris)
637 2288 763 2350 usurpat.
802 2277 860 2334 Sed
874 2288 937 2336 stu-

128 2350 224 2406 diosus
243 2360 271 2406 et
288 2352 473 2424 parsimoniae
492 2353 599 2407 amicus
619 2369 673 2408 non
697 2353 853 2419 fraudatur,
883 2355 936 2410 sed
956 2391 958 2396 -

128 2425 269 2496 profectus
282 2427 343 2481 eius
357 2427 387 2481 in
402 2427 454 2481 hoc
467 2427 625 2492 iuvenitur,
645 2428 737 2483 sciens
751 2445 818 2502 opes
832 2445 937 2502 parvo·

128 2516 191 2553 rum
204 2509 329 2572 oportere
343 2501 466 2566 succidi,
488 2517 524 2556 ne
538 2501 660 2572 ampllus
675 2501 786 2558 delictis
797 2502 936 2576 suppedi-
1015 2553 1016 2574 ,

128 2575 512 2647 tantesdecipiantanimam,
534 2573 585 2628 sed
599 2574 739 2632 auferatur
749 2579 843 2648 potius
853 2595 937 2635 occa-
1015 2583 1016 2644 ᾗ

128 2646 268 2704 sioomuis
277 2658 370 2704 nostra
379 2650 528 2712 malorum,
546 2656 624 2704 otest
634 2650 803 2710 utilissimus
813 2671 865 2726 pro
874 2671 937 2710 me-
