2050 3100
138 250 455 320 [1,109.110.]
492 256 1177 309 DE‘PROVIDENTIA
1215 257 1469 303 sERMo
1507 257 1571 302 Π.
1651 250 1756 302 {05

140 361 289 414 bant
304 374 425 412 sese
445 373 681 430 ungere:
706 357 787 412 sic
805 355 943 412 deus
963 356 1194 427 perinde
1216 374 1280 412 ac
1299 358 1577 412 civitatem
1589 374 1757 411 unam

140 450 454 508 procurans
476 440 651 487 totum
670 431 817 486 hunc
835 430 1128 496 mundum,
1158 441 1418 487 aestatem
1438 433 1496 486 in
1515 431 1757 486 hiemem

143 514 519 565 transmutare
558 507 908 578 hiememque
943 507 1003 561 in
1038 523 1136 561 ver
1168 507 1432 562 reducere
1471 507 1758 561 consuevit

141 600 254 657 pro
288 581 526 636 utilitate
564 583 979 644 universorum,
1021 582 1126 636 etsi
1163 589 1363 637 nautae
1399 581 1634 653 quidam-
1666 579 1756 635 vel

143 656 427 730 agricolae
457 673 529 711 ex
554 655 785 732 istorum
813 656 1179 712 inconstantia
1215 656 1429 728 aliquid
1457 656 1647 711 damni
1676 654 1759 710 fe-

142 739 297 787 rant.

275 838 387 890 ⁴0⁰.
430 836 619 906 Itaque
650 833 1045 889 elementorum
1075 834 1133 889 in
1162 852 1222 889 se
1247 835 1490 891 invicem
1509 851 1760 896 commu-

141 911 485 975 tationibus,
528 925 599 964 ex
626 909 833 979 quibus
863 907 1107 964 mundus
1145 910 1350 965 coaluit
1379 909 1752 980 constititque,

141 987 354 1042 notatis
382 1001 549 1055 opera
578 983 885 1038 necessaria
914 984 1038 1038 sine
1067 984 1464 1056 impedimento
1485 984 1758 1039 exhiben-

142 1071 265 1117 tur.
342 1061 577 1133 Pruinae
613 1075 745 1113 vero
782 1066 835 1112 et
864 1058 1024 1112 nives
1059 1065 1224 1129 atque
1257 1058 1366 1113 alia
1394 1058 1646 1114 eiusdem
1678 1056 1753 1134 [*]

142 1135 391 1210 generis,
418 1137 596 1189 ae'rem
614 1141 923 1204 sequuntur
943 1133 1126 1204 quoad
1146 1132 1344 1206 frigus„
1375 1150 1476 1199 nec
1497 1149 1605 1186 non
1626 1149 1759 1187 con-

142 1227 377 1285 gressus
406 1208 733 1280 collisioque
763 1207 999 1281 nubium'
1035 1207 1258 1280 fulgura
1297 1216 1470 1279 atque·
1495 1208 1753 1271 tonitrua,

140 1301 389 1358 quorum
407 1284 550 1339 nihil
571 1282 819 1338 fortassis
839 1282 1148 1337 secundum
1166 1283 1572 1354 providentiam
1584 1281 1760 1353 (prin-
1842 1289 1843 1294 ’

140 1358 409 1432 cipalem)
428 1359 529 1424 sit,
569 1357 670 1413 sed
695 1357 921 1429 pluviae
944 1359 1210 1430 ventique
1237 1366 1290 1412 et
1311 1359 1544 1412 aliarum
1564 1373 1759 1411 causa-

140 1450 279 1496 rum
306 1435 452 1490 vitae
482 1451 544 1488 ac
573 1433 899 1498 incrementi
928 1449 1146 1498 eorum,
1195 1436 1338 1504 quae
1377 1433 1522 1486 circa
1559 1439 1759 1486 terram

138 1518 309 1574 sunt,
334 1509 747 1581 comperiuntur
766 1509 1214 1579 consequentiae.
1293 1506 1758 1582 Gymnasiarchae

140 1584 485 1643 liberalitate
524 1583 823 1642 honorifica
860 1583 1190 1655 plerumque
1227 1583 1399 1657 largis
1439 1582 1756 1655 sumptibus

140 1661 333 1724 factis,
362 1676 463 1731 pro
484 1677 627 1732 aqua
644 1658 898 1713 nonnulli
917 1676 987 1714 ex
1005 1659 1147 1713 bene
1168 1660 1616 1731 experimentatis
1637 1658 1758 1714 oleo

138 1738 436 1799 lavantur,
479 1734 795 1807 pavimento
823 1734 994 1806 guttis
1024 1735 1277 1807 irrigate,
1319 1733 1471 1807 quod
1495 1734 1648 1789 illico
1668 1733 1759 1789 lu-

136 1823 272 1867 tum
293 1808 463 1864 efficit
481 1810 651 1864 nimis
669 1808 967 1863 lubricum.
1028 1808 1141 1863 Sed
1161 1826 1322 1864 nemo
1336 1811 1444 1881 ‚qui
1466 1808 1607 1864 bene
1627 1826 1758 1864 sen-

137 1888 243 1949 tit,
276 1884 480 1939 dixerit
501 1884 679 1939 lutum
701 1892 753 1938 et
773 1883 990 1956 lapsum
1011 1884 1072 1939 in
1092 1885 1306 1940 lubrico
1325 1901 1466 1956 opus
1488 1901 1608 1939 esse
1628 1901 1759 1956 pro-

136 1958 432 2016 videntiae
460 1959 738 2032 magistri,
780 1958 879 2014 sed
909 1958 1046 2014 haec
1067 1959 1334 2032 subsequi
1362 1960 1591 2014 nimiam
1613 1958 1758 2015 libe-

136 2034 424 2091 ralitatem
453 2041 796 2105 sumptuum.
872 2035 1062 2105 Itaque
1091 2033 1346 2090 dicantur
1375 2043 1429 2089 et
1456 2036 1558 2089 Iris
1578 2043 1632 2090 et
1647 2036 1756 2089 Ha·-

137 2112 241 2167 lus
252 2106 306 2181 *)
336 2117 389 2163 et
416 2108 733 2164 consimiles
763 2109 1036 2163 mixturae
1065 2110 1122 2164 in
1144 2110 1391 2164 nubibus
1413 2126 1757 2181 consequen—

136 2185 262 2241 tiae
284 2200 403 2238 esse
420 2225 432 2248 ,
456 2194 567 2239 non
584 2200 725 2254 opus
748 2201 867 2238 esse
888 2192 1114 2239 naturae
1134 2185 1398 2258 primario
1417 2185 1601 2240 studio
1617 2226 1629 2249 ,
1653 2184 1753 2239 sed

137 2262 297 2315 inter
326 2260 595 2320 naturalia
630 2257 1074 2314 adnumerandae
1113 2277 1298 2331 opera.
1377 2260 1753 2327 Nihilominus

135 2342 430 2409 praestant
448 2342 502 2388 et
522 2334 626 2388 ista
648 2351 811 2388 usum
833 2334 1206 2388 necessarium
1228 2334 1574 2405 sapientibus
1589 2374 1601 2397 ,
1635 2350 1755 2387 ma-

142 2411 422 2466 laciarum
442 2416 843 2480 ventorumque
864 2417 1049 2463 aestus
1069 2407 1123 2463 e't
1152 2408 1353 2462 hiemis
1369 2448 1381 2471 ,
1425 2408 1493 2461 ab
1514 2408 1638 2462 istis
1658 2406 1755 2462 fir·-

139 2500 301 2540 mam
330 2484 742 2556 praenotionem
780 2483 995 2540 scilicet
1032 2481 1374 2555 recipiendo.
1454 2480 1528 2557 [³¹⁶]
1560 2484 1752 2537 Nonne

136 2557 313 2616 vides
331 2559 469 2615 atria
487 2560 548 2614 in
568 2558 806 2615 urbibus
827 2576 890 2615 ac
909 2566 1051 2615 tecta
1066 2600 1079 2624 ,
1121 2555 1273 2629 quod
1293 2572 1492 2630 magna
1512 2574 1583 2612 ex
1599 2566 1753 2629 parte

257 2699 301 2744 ¹)
344 2698 427 2737 Pro
462 2698 536 2738 Gr.
572 2700 752 2740 vocibus
776 2693 873 2751 Ἶρις
907 2697 949 2739 δὲ
979 2698 1052 2739 καὶ
1076 2695 1222 2744 mats,
1266 2696 1353 2737 Iris
1386 2702 1520 2737 autem
1554 2702 1592 2737 et
1615 2698 1750 2737 Halm

141 2754 334 2799 (corono.
357 2749 487 2795 lucis)
504 2776 515 2796 ,
559 2749 720 2791 lectum
745 2752 827 2791 fuit
851 2751 927 2791 aba
953 2760 999 2789 re
1025 2752 1073 2789 in
1098 2749 1244 2789 codice
1269 2750 1515 2797 interpretis
1541 2750 1686 2799 ὶρετται
1712 2748 1755 2788 δὲ

137 2800 221 2841 καὶ
248 2795 397 2848 ἄλλος,
424 2801 589 2840 dicatur
615 2806 654 2843 et
680 2803 790 2843 alim
815 2803 887 2841 vel
910 2802 1047 2841 uma.
1101 2800 1262 2840 Auch.
1658 2817 1664 2822 ·
