2050 3100
61 162 158 230 [Lau]
204 169 254 213 DE
274 167 545 216 PROVIDENTIA
568 170 731 216 salluui.
835 163 866 216 l3

125 270 169 326 72.
193 269 264 322 Ecce
279 268 354 322 enim
368 276 485 324 statuam
499 269 626 325 videntes
640 270 803 326 statuarium
822 271 868 324 in-

59 343 236 416 telligimus,
259 351 285 398 et
303 343 452 415 imaginem
471 353 586 400 venuste
604 347 706 417 pictam
726 353 867 400 cernentes

60 419 203 491 pictorem
212 418 306 489 ipsum
321 418 502 484 admiramur,
525 421 868 492 atquenavemingeniose

62 493 231 548 fabricatam
245 494 383 548 intuentes
398 494 577 550 architectum
590 496 669 550 navis
681 495 811 550 laudibus
822 512 868 550 ce-

63 568 219 623 lebremus.
258 567 289 622 Si
304 584 369 640 ergo
384 568 562 625 artificiosum
576 587 646 642 opus
661 570 788 626 videntes
802 570 868 624 arti-

62 643 149 696 ficem
160 643 251 714 ipsum
261 642 399 698 sollertem
410 645 584 716 agnocimus‚
600 646 736 716 quomodo
746 662 799 701 non
810 662 869 699 ma-

63 718 114 790 gia
133 719 325 772 universorum
342 718 494 788 sapientem
513 719 716 790 providentiam
729 737 779 791 per
793 737 869 775 com·

62 791 280 864 prehensionem
301 794 488 864 perceptionis
511 795 648 866 concipiat
666 795 762 850 oculus
782 794 868 849 animi

62 875 180 939 propter
190 875 343 922 constantes
354 867 452 922 mundi
461 876 553 939 partes
563 871 701 941 sapienter
711 867 869 925 ordinatas?

124 993 168 1046 73.
191 992 279 1048 Malus
293 1002 384 1048 autem
398 991 480 1048 homo
493 993 576 1049 stulte
592 995 676 1050 nimis
687 995 742 1050 sibi
752 1011 867 1066 persua-

64 1067 116 1122 det
127 1084 179 1122 non
190 1084 250 1122 esse
262 1067 474 1155 providentiam.
513 1070 545 1122 ln
560 1061 713 1141 perditione
728 1069 867 1126 fructuum

65 1159 203 1214 aquarum
218 1143 325 1214 copiam
340 1161 376 1198 ex
388 1143 494 1215 pluviis
509 1144 748 1216 grandinibusque
766 1143 868 1199 cadeu-

63 1228 124 1272 tem
139 1217 232 1289 culpat
246 1226 382 1290 negatque
395 1216 606 1290 providentiam
614 1219 710 1274 mundi
721 1219 868 1292 dispensa-

63 1294 179 1356 tricem,
195 1309 227 1348 eo
238 1293 331 1379 quod
323 1310 383 1365 ipse
393 1292 533 1348 fructuum
543 1292 754 1349 diminutionem
767 1311 866 1366 passus

64 1367 165 1433 luerit,
186 1368 317 1438 quoniam
331 1367 463 1424 damnum
477 1368 533 1423 sibi
551 1363 660 1424 illatum
679 1371 756 1425 novit
775 1378 802 1424 et
821 1385 867 1424 cor

65 1445 129 1498 eius
149 1443 322 1498 vulneratum
342 1452 396 1498 est:
436 1461 507 1514 quae
527 1461 592 1500 vero
612 1443 732 1500 facinora
752 1444 867 1516 abipso

64 1517 160 1593 (corde
178 1518 223 1574 vel
242 1517 364 1592 homine)
383 1527 487 1591 patrata
507 1518 623 1584 luerint,
648 1537 702 1575 non
721 1519 811 1583 videt,
836 1528 867 1575 ut

64 1595 146 1667 prius
166 1610 196 1649 se
216 1594 309 1665 ipsum
327 1594 465 1650 damnet'
457 1596 554 1667 iniqua
568 1604 736 1667 operantem
775 1596 866 1650 Discat

65 1681 159 1725 tamen
167 1686 217 1740 per
227 1686 257 1723 ea
265 1666 802 1760 quaeipseaprovidentiapassusest,
816 1671 866 1725 do-

66 1745 124 1799 lere
133 1761 169 1799 ex
181 1744 263 1799 corde
277 1761 361 1832 super
374 1746 424 1810 iis,
445 1762 515 1816 quos
530 1746 590 1817 ipse
600 1747 701 1802 iniuste
712 1747 813 1802 iniuria
825 1744 866 1800 al-

67 1819 143 1874 lecit
182 1819 284 1874 Verum
299 1821 373 1874 enim
388 1837 453 1876 vero
467 1821 595 1908 iniquum
609 1822 692 1877 istum
708 1830 812 1909 oportet
821 1839 866 1875 re

65 1903 173 1966 putare,
187 1894 318 1964 quoniam
329 1896 387 1951 suis
398 1894 477 1951 lactis
486 1898 563 1967 paria
573 1915 626 1952 non
638 1898 754 1952 vultt
707 1906 754 1968 pat
755 1900 764 1950 i
776 1915 801 1951 a
797 1914 865 1983 ·-pro

64 1967 204 2057 videntia,
225 1978 251 2023 et
264 1978 433 2041 tameuquas
443 1972 503 2042 ipse
513 1987 567 2027 non
577 1982 618 2027 est
627 1989 725 2043 passus
736 1972 861 2034 iniurias,
902 1988 904 1991 ’

65 2061 163 2116 imque
173 2044 236 2098 alus
245 2043 338 2099 infert

122 2170 167 2225 'll
195 2171 281 2228 lllaior
295 2180 385 2226 autam
399 2174 461 2227 eius
474 2174 601 2246 impietas
617 2190 648 2228 ea
662 2179 716 2236 est,
735 2170 771 2246 [⁴¹⁵]
788 2171 862 2242 quod

67 2246 114 2299 his
128 2261 183 2299 non
196 2245 370 2301 obstantibus
384 2248 487 2302 scimus
500 2247 580 2303 illum
591 2263 737 2319 procurare
747 2246 861 2300 aliorum

66 2320 220 2385 miseriam,
241 2336 325 2392 quam
337 2338 387 2393 pro
401 2323 490 2377 nihilo
505 2322 658 2383 ducendam
672 2320 743 2375 ultro
753 2320 861 2373 latetur.

20 2396 23 2404 '
65 2394 152 2465 ldque
162 2412 211 2466 pro
222 2396 323 2452 bonore
333 2397 389 2452 sibi
399 2397 477 2454 ducit
486 2398 558 2452 nibil
569 2405 641 2452 recto
651 2395 755 2450 iudicio
766 2410 860 2467 agens,

65 2468 115 2524 sed
133 2478 240 2525 tantum
258 2470 385 2543 cupidini
406 2473 562 2543 obsequens
586 2470 751 2540 effraeni'que
776 2468 862 2523 animi

66 2546 166 2610 motui,
187 2562 219 2601 ac
233 2547 418 2601 iumentorum
432 2549 532 2612 instar,
553 2564 624 2618 quac
638 2545 721 2601 obvia
735 2559 861 2615 quaeque

66 2619 265 2691 depascuntur:
303 2640 353 2677 nec
372 2624 446 2677 enim
464 2623 548 2677 altius
568 2620 666 2675 attollit
684 2618 862 2692 cogitationes

68 2711 144 2759 suas,
166 2705 197 2751 ut
210 2696 412 2767 providentiam
429 2713 479 2768 per
498 2696 703 2768 indagationem
722 2694 861 2766 inspiciat,
