2050 3100
17 299 66 362 [11,
79 295 146 360 424]
208 300 249 345 IN
270 300 447 347 GENESIN.
471 302 599 348 SERMO
618 302 662 351 lv.
785 300 836 353 269

58 439 135 499 outa
151 451 188 491 aa
204 410 351 503 „seaeant
367 457 430 502 eom,
450 450 473 489 οι
489 442 534 490 ero
552 442 724 493 tenerorum
742 446 802 509 (ie.)

79 544 148 600 226.
172 542 225 607 Qor
236 547 291 597 tom
303 558 367 609 opus
375 546 493 610 peracit,
506 547 592 611 sotori
601 561 668 612 prae
680 561 707 599 re
716 550 767 614 (ert
773 564 838 614 per-

18 624 179 687 fectionne,
202 632 268 670 vere
287 616 399 687 proprie
419 615 524 670 dictum
544 626 585 671 est
605 617 639 673 de
655 635 729 674 nunc
744 618 833 675 factis.

18 694 106 747 Unus
118 691 199 745 enim
209 690 337 745 indoctus
349 698 391 747 est
401 698 429 744 et
436 688 676 762 indisciplinatus,
699 692 836 749 adomnia

18 770 101 822 iusta
111 766 244 836 bonaque
254 766 334 837 piger
344 773 371 820 et
381 764 489 831 tardus3
522 766 704 832 alterautem,
726 783 836 823 omnem

21 840 213 912 disciplinam
228 838 333 894 habens
344 840 373 893 in
384 855 428 903 se,
445 838 587 894 studiosus
597 849 638 895 est
648 850 675 896 et
684 842 769 907 celer,
785 860 836 914 pro

19 916 137 987 pudore
150 913 209 968 sibi
224 914 328 968 ducens
341 930 519 987 progressum
535 915 652 970 alicuius
667 916 731 987 plus
751 934 835 988 quam

21 1008 64 1045 se.
108 988 205 1055 Quare
219 988 310 1042 adbuc
324 987 466 1043 confirmat
481 988 508 1042 ei
522 988 742 1045 benedictionem
754 1008 835 1064 aegre

22 1065 122 1120 ferens
136 1062 328 1136 apparentiam
342 1061 457 1118 indocti.
496 1064 537 1117 lta
553 1081 619 1118 sane
634 1066 778 1120 consuevit
791 1084 835 1121 res

20 1158 51 1195 se
65 1138 190 1195 habere.
229 1136 364 1203 Quoniam
378 1136 445 1191 dum
461 1136 553 1191 adhuc
566 1139 617 1205 vix
631 1140 773 1211 irrepserit
783 1139 835 1193 ali-

19 1214 95 1285 quid
107 1212 245 1268 saevitiae
254 1211 299 1266 vel
310 1210 445 1266 malarum
455 1212 760 1277 rerumvelverborum,
773 1222 835 1271 ante

20 1290 122 1346 omnia
141 1286 365 1341 benedictionem
385 1294 500 1357 usurpat
518 1287 641 1350 animus,
666 1302 715 1357 per
730 1287 834 1359 regiam

22 1365 104 1418 viam
127 1377 262 1434 pergens3
292 1368 440 1431 postquam
459 1376 525 1414 vero
545 1360 652 1431 aliquid
668 1359 734 1423 meli
748 1361 835 1418 inter-

20 1441 169 1498 mittetur,
192 1435 347 1490 dimovetur
357 1434 515 1505 corruitque
525 1442 596 1489 totus
608 1436 730 1499 animus,
753 1443 780 1489 et
793 1434 835 1490 af-

23 1512 120 1569 fectus
141 1511 204 1566 eius
224 1508 349 1569 infensus
370 1517 463 1565 contra
482 1509 587 1564 malum
605 1510 744 1565 intumens
759 1510 835 1566 indi·

99 1749 170 1808 aad
184 1761 219 1801 eat
233 1750 387 1814 „Benedixit
404 1767 468 1814 eron,
492 1760 515 1799 et
533 1749 577 1799 en‘t
596 1749 768 1800 benedictua“t

81 1855 149 1910 226.
169 1851 215 1906 Sic
225 1853 404 1924 proverbium
414 1853 560 1906 cuiusdam
570 1851 689 1924 legimus
699 1851 831 1906 dicentis:

23 1929 80 1995 Qui
92 1935 241 1986 antecessu
252 1928 347 1998 egerit,
355 1927 466 1981 venturi
475 1927 598 1996 praemia
609 1926 741 1997 portando
750 1926 834 1981 babet

24 2005 124 2074 (marn.
134 2001 213 2074 abit).
251 2002 302 2054 Hic
310 2003 421 2073 proprie
435 2000 538 2055 dicitur
553 2000 587 2056 de
602 2001 660 2065 bis,
687 2003 736 2073 qui
751 2001 834 2056 modo

25 2077 196 2133 consistunt.
235 2076 423 2130 luertissimus
443 2076 517 2130 euim
532 2075 581 2129 ille
591 2092 640 2146 per
654 2077 746 2131 omnia
761 2077 833 2131 iusta

24 2163 50 2207 et
59 2151 173 2223 optima
185 2149 425 2221 procrastinando,
447 2158 474 2204 et
488 2150 583 2204 tardus
594 2158 620 2204 et
629 2149 715 2204 hebes
726 2151 834 2205 revela-

24 2235 85 2293 tur;
118 2223 171 2278 sed
188 2224 389 2279 industriorum
408 2231 525 2279 sectator
538 2222 694 2280 tarditatem
708 2241 758 2295 pro
774 2225 834 2279 dis-

25 2299 134 2370 pendio
151 2299 243 2369 ponit,
269 2299 351 2353 cuius
368 2299 455 2372 gratia
470 2298 613 2353 confirmat
626 2298 833 2354 benedictiones

25 2377 89 2430 cius
110 2372 245 2428 adversus
262 2373 517 2444 praesumptionem
536 2373 647 2437 inertis,
678 2372 833 2444 spernendo

26 2447 234 2504 difficultatem.
273 2448 309 2502 Et
320 2464 415 2503 revera
429 2447 482 2501 hoc
491 2446 573 2501 modo
582 2447 699 2502 babetur
709 2446 831 2502 effectus.

25 2523 180 2592 Quousque
194 2521 271 2574 enirn
288 2537 343 2576 non
357 2522 500 2593 irrepserit
517 2529 644 2592 aspectis
659 2521 752 2593 (moro.
769 2519 834 2574 affe-

27 2596 100 2669 ctus)
115 2595 236 2651 alicuius
251 2595 445 2660 abominandi,
471 2604 518 2650 aut
532 2595 649 2651 verbum
669 2593 834 2648 molestissi-

27 2688 119 2734 mum,
146 2669 363 2741 procedentibus
382 2670 624 2726 benedictionibus
643 2673 755 2740 paratur
769 2683 834 2736 spe-

28 2745 186 2799 ciosissima
203 2745 251 2800 via
268 2745 304 2799 ad
321 2744 567 2815 proficiscendum,
594 2759 626 2797 eo
643 2750 734 2795 tamen
747 2738 835 2793 mole-

29 2827 118 2874 stante
127 2819 253 2889 quatitur
267 2820 360 2873 anima
369 2837 418 2890 pro
428 2819 493 2874 odio
502 2816 697 2888 malignitatis,
720 2812 835 2867 lacessi-
