2050 3100
160 203 192 256 26
286 207 384 252 amn
403 205 477 252 run,
497 183 658 264 Quausr.
678 205 727 250 nu
748 207 825 252 sou.
846 200 888 268 [ιι
901 205 965 272 aar]

160 325 215 380 que
228 316 255 362 et
269 307 348 378 plura
363 306 408 360 his
421 306 526 361 similia
540 307 624 362 simul
638 304 761 362 trahens.
799 305 892 374 Quum
907 312 966 366 ita·

159 398 215 454 que
228 382 283 437 sub
297 398 381 436 manu
394 396 428 436 ac
439 389 575 453 potestate
589 389 636 437 tua
646 382 682 436 sit
691 381 820 437 -c'uius
830 385 905 438 enim
915 403 965 440 sa-

159 459 274 529 pientia,
287 458 348 511 eius
358 464 460 512 suntet
469 472 566 512 omnes
573 457 731 530 encyclicae
738 456 962 529 disciplinae-‚

160 532 278 587 laecum
288 531 717 602 illa,utcumque'tibioordiarit:
729 546 878 603 persuasus
884 535 964 588 enim

159 623 237 670 sum,
253 604 329 677 quod
339 623 394 660 non
404 607 529 661 serarius
539 621 624 678 quam
637 619 757 677 aequum
768 607 817 670 sit,
834 607 961 675 iudices3

160 682 228 752 quia
238 681 268 734 id
278 681 527 752 ipsamvaldetibi
537 682 641 753 placet,
662 680 817 736 secundum
829 679 964 737 meritum

160 756 313 826 unicuique
322 753 491 810 distribuere
499 771 533 810 ac
541 756 666 820 reddere,
677 764 706 810 et
712 754 786 829 nihil
797 756 861 827 plus
871 771 964 827 aequo

160 845 211 883 neo
221 830 353 885 honorare
362 847 453 902 nequa
463 841 647 886 contemnere.
696 860 700 870 =

263 984 312 1035 car
328 984 398 1036 uteo:
424 985 544 1057 „opaea
560 999 613 1036 aa
630 985 732 1038 samer
749 989 803 1051 (ra,
822 985 858 1046 a.)

213 1099 257 1153 25.
277 1092 381 1154 Littera
395 1075 542 1154 marlilesta
557 1106 608 1154 est.
646 1097 690 1154 ld
700 1105 820 1170 mentem
830 1114 895 1154 vero
907 1099 962 1156 hu-

159 1169 280 1244 iusmodi
299 1170 352 1227 fert
366 1173 509 1228 rationem.
549 1173 609 1231 Non
622 1189 718 1232 omnes
732 1169 895 1228 alllictiones
910 1191 963 1229 no—

160 1246 222 1301 xiae
232 1255 311 1311 sunt,
333 1245 383 1302 sed
398 1257 440 1302 est
454 1246 548 1319 aliquo
563 1255 698 1318 tempore,
719 1245 770 1313 ubi
785 1246 868 1302 utiles
882 1258 960 1304 sunt.

158 1319 189 1374 ld
197 1319 334 1376 sufferunt
342 1331 368 1376 et
377 1322 452 1394 aegri
462 1340 477 1378 a
487 1321 616 1388 medicis,
628 1329 655 1375 et
663 1323 744 1394 pueri
754 1339 770 1376 a
779 1321 959 1396 paedagogis,

159 1402 187 1448 et
196 1395 361 1466 insipientes
372 1414 385 1451 a
397 1393 610 1461 correctoribus,
622 1405 653 1451 ut
662 1397 779 1468 sapiant.
818 1396 898 1466 Quod
909 1415 961 1471 ego

160 1485 303 1540 nunquam
317 1469 376 1524 ullo
392 1470 473 1524 modo
484 1467 661 1528 afflictionem
671 1469 805 1536 dixerim,
822 1469 871 1531 sed
881 1473 962 1528 salu·

159 1551 214 1596 tem
235 1542 506 1617 emolumentumque
527 1546 634 1602 animae
654 1555 681 1612 et
700 1545 831 1621 corporis.
870 1548 961 1604 lluius

159 1624 265 1687 partem
287 1616 408 1688 praestat
431 1627 459 1673 et
481 1621 617 1691 sapientia
641 1616 723 1678 choro
744 1623 958 1696 encyclicorum,
1010 1672 1011 1677 ,

159 1692 220 1745 iure
235 1692 385 1747 admonens
399 1694 524 1747 animum
538 1696 633 1767 copiam
647 1695 858 1768 disciplinarum
879 1698 961 1753 dedi-

158 1775 218 1820 tum
228 1775 256 1821 et
264 1774 461 1839 praegnantem
469 1770 652 1841 sophismate,
668 1789 722 1826 nou
733 1772 879 1837 rebellare,
892 1790 924 1829 ac
932 1781 960 1827 si

159 1857 291 1913 magnum
302 1851 384 1913 atque
394 1843 533 1899 excellens
539 1844 565 1918 a)
577 1846 756 1917 acquisiverit
770 1846 887 1908 bonum,
909 1848 959 1901 sed

159 1916 334 1985 acquiescere
345 1934 376 1971 ac
386 1919 477 1973 vereri
485 1921 657 1991 superiorem
668 1920 864 1993 melioremque
878 1929 960 1976 natu-

157 2006 217 2043 ram
227 1998 368 2061 tamquam
378 2008 473 2047 veram
483 1994 638 2060 dominam,
655 2010 739 2067 penes
750 2010 833 2069 quam
846 2004 887 2051 est
897 1998 959 2068 ipsa

159 2066 311 2120 constantia
321 2077 348 2120 et
358 2070 478 2137 potentia
490 2086 590 2124 rerum.

197 2237 235 2305 [⁸]
257 2238 337 2296 Quare
347 2243 437 2308 sapam
454 2244 556 2306 capessit
573 2242 644 2309 Aper
661 2260 677 2292 o
687 2242 757 2308 facie
775 2244 840 2293 citari
861 2237 931 2307 (ib.)'

214 2359 257 2412 26.
283 2358 342 2414 Non
356 2363 447 2415 omnis
462 2362 554 2415 anima
575 2360 694 2417 admittit
712 2362 916 2416 observantiam
932 2370 959 2415 et

157 2429 350 2501 disciplinam,
372 2435 422 2489 sed
437 2434 528 2488 iaoilis
544 2452 575 2489 ac
590 2437 684 2491 suavis
699 2434 860 2509 propriass)
876 2447 958 2503 ‘mens

156 2504 252 2578 diligit
261 2510 460 2577 correptionem
472 2516 499 2563 et
508 2509 597 2583 magis
607 2510 752 2566 familiaris
763 2509 889 2565 redditur
898 2526 959 2565 mo·

207 2682 229 2727 ⁸)
243 2652 263 2720 ἶ
276 2680 454 2729 repertorem,
469 2684 494 2720 ut
507 2680 543 2723 Gr.
557 2679 673 2733 ὑπέρογκος.
699 2682 778 2723 Aaou.

207 2747 242 2793 ²*)
256 2758 274 2787 s.
288 2758 314 2786 oe
327 2750 422 2785 constane
435 2748 477 2787 atti
484 2752 583 2799 prope-ta.
614 2748 694 2789 Aa‘ch.
