2050 3100
69 94 190 161 [ntra]
246 88 290 145 m·
309 101 693 175 annnorusnnuorv.
822 98 872 152 tta

70 203 145 255 eirea
165 200 270 255 oollum
288 202 395 256 cunetis
413 202 558 257 bominum
571 202 703 261 membris
718 202 872 259 robustiora

70 283 176 331 suntet
190 276 243 330 ista
259 275 404 349 laevigata.
444 278 570 333 Nitidum
584 286 610 333 et
624 277 730 333 nudum
745 296 775 332 se
789 278 873 334 babet

69 349 224 423 aequaliter
236 349 273 405 ad
286 353 430 407 veritatem
445 354 547 408 virtute
567 352 676 417 valens,
701 362 732 408 ut
751 362 871 408 caeteras

68 424 202 491 virtutes,
234 426 275 481 sio
297 427 380 481 etiam
405 426 594 482 fortitudinem
618 436 710 482 sancte
733 446 871 500 usurpans

68 517 269 572 exercensque.
312 500 431 567 Quodsi
447 504 600 575 contingat,
620 512 650 558 ut
665 504 746 558 istam
760 520 871 575 quoque

68 575 189 633 occultet
199 584 226 630 et
235 575 353 649 pilosam
363 576 472 652 reddat,
492 576 529 633 ob
539 579 729 633 necessitatem
739 580 871 650 temporis

70 649 111 727 [Ἴ
122 650 358 723 dispensationem
371 668 523 723 usurpans,
544 660 646 726 perstat
661 654 690 707 in
705 670 754 707 sua
768 654 871 709 simili-

68 726 183 791 tudine,
194 727 245 781 vix
254 726 355 781 cedens
365 728 524 800 primitivae
535 744 601 782 suae
609 729 804 799 propositioni,
820 728 870 783 sed

68 810 176 858 tantum
186 800 222 856 ob
233 802 418 857 involuntaria
429 802 580 857 accidentia
593 803 786 859 transmutabit
799 811 870 858 tam-

68 894 155 949 quam
168 878 200 931 in
214 877 371 948 spectaculo
386 877 501 947 formam
517 877 570 933 alio
581 877 661 932 modo
671 887 781 950 propter
791 878 870 933 utili-

67 961 153 1007 tatem
167 960 361 1024 spectatorum.
399 950 431 1007 Id
446 954 521 1008 enim
536 962 562 1008 et
576 952 746 1007 medicorum
759 970 817 1007 mos
828 960 871 1008 est

68 1027 174 1092 faeere,
194 1027 299 1099 qnippe
309 1028 358 1099 qui
368 1026 539 1083 infirmorum
550 1027 692 1082 demutant
702 1026 793 1091 eibos,
811 1026 870 1081 lona

67 1111 95 1159 et
108 1103 244 1158 rationem
258 1102 387 1166 vivendi,
408 1119 491 1173 quam
506 1103 646 1157 habebant
660 1110 721 1156 ante
730 1100 867 1155 morbum.

66 1177 194 1235 Medicus
205 1186 296 1233 autem
306 1186 348 1233 est
357 1178 430 1232 circa
440 1196 484 1233 res
494 1177 592 1233 mundi
603 1178 727 1249 sapiens,
739 1192 788 1247 pro
798 1184 870 1230 tem-

66 1271 136 1326 pore
151 1270 235 1326 agens
248 1270 307 1318 res,
328 1270 399 1325 quae
409 1254 439 1307 in
448 1254 583 1325 sapientia
596 1252 758 1325 insipientes
769 1250 869 1306 viden-

66 1339 128 1393 tur,
150 1336 177 1383 et
192 1329 315 1384 castitate
327 1345 474 1393 venereae,
495 1327 657 1385 fortitudine
668 1325 865 1389 formidabiles,

67 1414 95 1460 et
109 1404 218 1459 iustitia
232 1404 351 1459 iniustae
366 1412 510 1476 putantur:
532 1406 570 1459 ita
584 1412 614 1458 ut
628 1401 776 1475 aliquando
789 1419 868 1457 men-

65 1655 211 1728 pellioula.
251 1655 315 1710 Fuit
324 1672 387 1709 nam
398 1656 446 1712 ille
457 1657 542 1712 denso
552 1655 662 1727 capillo.
702 1655 805 1710 Subtili
819 1671 869 1709 au-

66 1740 124 1786 tem
144 1729 300 1794 intellectu,
330 1730 443 1786 brachia
465 1742 491 1786 et
510 1741 637 1806 terganea
656 1730 726 1785 oolla
744 1731 869 1806 omnium

66 1814 134 1861 sunt
143 1805 268 1870 tortiora,
290 1804 363 1860 lenia
379 1815 459 1877 atque
475 1815 568 1878 aperta
583 1806 617 1861 ad
630 1807 773 1862 veritatem
785 1805 870 1860 habet

66 1891 199 1936 strenuus
211 1881 269 1944 vir,
295 1882 368 1935 sicut
386 1882 454 1936 alias
468 1884 598 1946 virtutes,
625 1882 662 1936 ita
680 1879 869 1936 fortitudinem

66 1964 199 2011 sectatur.
238 1954 309 2011 Cum
319 1964 411 2011 autem
420 1957 492 2011 bano
500 1955 707 2012 obumbraverit
716 1954 866 2018 densando,

65 2048 118 2103 pro
127 2031 444 2102 necessitatotemporis‚
466 2040 493 2088 et
505 2032 624 2087 utilitate
638 2031 737 2096 utitur,
759 2046 870 2102 perma-

66 2123 139 2161 nens
152 2107 183 2160 in
196 2105 294 2160 eodem
308 2113 380 2161 statu
395 2115 422 2162 et
435 2107 626 2179 praesedentia
639 2115 702 2162 vota
720 2123 773 2163 non
787 2121 869 2160 exee-

67 2180 149 2236 dans.
188 2181 240 2234 Pro
250 2180 381 2236 eeundia
396 2189 487 2237 autem
496 2182 607 2237 casibus
618 2181 790 2244 immutatur,
813 2178 870 2234 lor-

68 2273 143 2310 mam
162 2256 193 2310 in
213 2255 327 2310 alteram
344 2273 394 2328 pro
413 2259 513 2312 usitate
532 2257 672 2312 videntur.
719 2257 774 2309 Hoc
795 2255 869 2324 enim

68 2331 152 2386 etiam
162 2329 265 2385 medici
278 2330 367 2386 solent
380 2331 539 2396 observare,
558 2334 733 2386 immutantes
748 2327 869 2382 remedia

69 2405 269 2470 laborantium,
280 2423 364 2476 quam
374 2406 531 2462 babuerunt
540 2415 601 2462 ante
612 2406 782 2477 languorem.
810 2401 871 2454 Me-

68 2479 149 2536 dicus
163 2489 256 2535 autem
270 2482 347 2535 circa·
357 2483 443 2537 vitam
457 2500 548 2537 rerum
562 2498 611 2552 pro
629 2486 701 2534 statu
714 2485 869 2545 temporum

68 2553 112 2619 fit,
135 2555 274 2626 sapienter
288 2555 467 2627 gubernando
480 2555 657 2628 insipientiae
670 2556 820 2610 momenta,
843 2555 870 2600 et

68 2629 190 2684 viriliter
212 2629 389 2685 timiditatem
412 2640 438 2686 et
458 2634 533 2686 iusse
554 2628 729 2698 iniquitatem
748 2621 867 2683 dicabat,
