2050 3100
191 341 238 395 l3h
408 344 594 391 anicetus
617 342 754 389 lunum
888 339 920 405 [1,
931 338 985 404 lle]

189 448 328 511 nonnulli,
344 447 394 519 qui
404 444 473 499 nihil
482 443 593 499 credere
603 450 807 498 consueverunt
822 444 884 499 nisi
895 445 985 518 explo-

189 532 287 586 ratum,
297 520 408 577 voluere
418 520 518 575 certius
529 526 718 592 argumentum
724 517 872 573 dictorum
883 537 982 595 capere.

189 597 318 654 videntes
332 596 425 666 itaque
438 594 604 650 testudinem
613 592 750 664 expletam
760 592 880 664 vipera,
901 597 983 668 erige

189 689 256 726 num
268 686 353 742 prope
366 686 427 724 eam
439 678 534 723 natum
546 668 677 723 radicitus
691 666 865 733 evellentes,
892 686 982 741 exspe-

189 746 298 800 ctabant
316 745 420 798 exitum
439 760 544 811 rarum,
574 743 623 799 illa
641 759 705 797 varo
724 751 866 813 appetens
890 755 919 802 et
936 760 978 799 noc

188 820 328 889 reperiens
337 818 482 882 utedaret,
498 825 663 873 mortuaest.

244 928 286 981 lo.
306 927 362 981 Nec
377 928 467 983 solum
480 943 575 982 curare
589 924 697 981 morbos
711 925 741 980 in
754 924 855 996 aliquo
866 934 977 998 repertos

187 1011 233 1058 aut
243 1010 396 1075 suspectos,
411 1002 461 1057 scd
470 1001 577 1057 dolores
588 1001 669 1057 etiam
678 1000 707 1054 in
717 1016 748 1054 se
757 998 870 1073 fingere
881 1000 977 1056 fallaci-

187 1086 228 1133 ter
243 1076 277 1132 ad
291 1076 450 1132 evitandum
464 1076 598 1141 lahorem,
619 1075 795 1130 observatum
811 1085 857 1131 est
876 1074 919 1148 (in
928 1076 978 1130 ani-

188 1152 327 1225 malibus).
350 1153 448 1207 Dicunt
457 1152 546 1217 enim,
557 1150 630 1223 quod
639 1150 834 1223 Aristogitoni,
849 1152 902 1206 uni
916 1153 978 1205 inter

188 1246 247 1292 eos,
266 1228 316 1299 qui
330 1228 429 1282 virtute
440 1227 596 1282 claruerunt
609 1227 637 1280 iu
647 1224 788 1296 republica
798 1224 978 1287 Athenarum,

223 1321 275 1357 uns
289 1310 346 1356 erat
358 1302 450 1375 piger,
471 1302 521 1374 qui
535 1302 564 1355 in
579 1298 757 1372 hippodromo
771 1299 847 1355 ultro
863 1300 980 1375 fingebat

188 1322 401 1452 fficlaudicare,
423 1376 509 1431 donec
523 1376 691 1447 deprehensa
701 1374 753 1430 fuit
765 1374 801 1429 ab
812 1377 979 1449 agasonibus

187 1470 316 1524 processu
331 1453 459 1522 temporis
473 1452 547 1507 lraus
557 1460 584 1506 ct
592 1452 738 1523 castigatus
753 1447 819 1513 fuit,
842 1467 902 1522 quo
917 1468 979 1522 sup-

187 1527 270 1599 plicio
283 1525 385 1583 deinde
395 1528 536 1598 supererit
546 1526 696 1599 ignavium:
719 1532 801 1596 atque
812 1524 855 1580 ite
871 1528 978 1598 experi-
996 1544 997 1558 ¹

186 1611 277 1656 mento
290 1602 433 1673 probatam
451 1601 518 1666 tuit,
539 1600 613 1672 quod
629 1600 769 1656 evidenter
784 1599 977 1656 fraudulentus
995 1610 996 1635 ¹

168 1672 170 1677 ’
186 1676 249 1730 dolo
258 1693 325 1730 nsua
335 1676 436 1740 luerat,
448 1693 502 1732 non
511 1675 635 1740 aliunde,
656 1692 739 1747 quam
753 1675 895 1746 sapientia
905 1694 977 1732 men-

186 1750 233 1803 tis.
509 1765 515 1776 ·

242 1860 284 1911 ll.
304 1857 381 1911 Haud
397 1859 513 1913 inaniter
528 1867 554 1913 et
567 1857 638 1913 illud
653 1857 766 1921 dicitur,
787 1857 866 1928 quod
878 1859 975 1914 bubul-

149 1961 163 1970 ἡ
186 1947 279 1986 corum
288 1939 405 1986 mentem
415 1941 442 1986 et
454 1934 597 2006 ingenium
613 1932 712 1987 habent
726 1932 829 1987 bovum
845 1943 967 1989 armenta
990 1965 991 2012 ,

185 2007 586 2078 sicutetcapraecaprariorum,
599 2015 855 2082 etgrexpastorum,
869 2017 897 2062 et
903 2025 971 2082 agre
989 2031 990 2088 l

185 2081 281 2136 stiores
305 2080 413 2136 belluae
435 2091 588 2138 curatorum
613 2100 733 2138 suorum.
781 2082 989 2164 Verumtamerp

185 2155 309 2212 ciborum
317 2157 430 2230 quidem
441 2166 467 2213 et
475 2167 602 2230 potuum,
617 2159 847 2230 praesepiumque
858 2167 887 2214 et
896 2175 971 2232 gene
987 2177 988 2240 p

185 2233 265 2287 ratim
276 2249 369 2287 eorum
378 2234 515 2296 omnium,
536 2249 606 2304 quaa
617 2234 685 2304 ipsis
695 2233 808 2287 utilitati
818 2243 871 2289 aut
880 2233 970 2289 damno
986 2259 987 2316 p

185 2315 262 2371 aunt,
278 2325 331 2362 non
343 2307 431 2362 minor
440 2315 481 2361 cst
489 2308 588 2377 peritia
603 2307 779 2380 cognitionis,
799 2307 839 2360 ita
855 2318 888 2365 ut
898 2310 970 2364 etim

185 2383 291 2453 copiam
301 2381 438 2454 quandam
445 2389 555 2437 teneant
565 2383 710 2437 multarum
721 2381 923 2456 variarumque
933 2399 971 2437 no·

183 2458 302 2520 tionum,
322 2465 378 2511 tam
391 2455 564 2511 artificiosam
578 2474 662 2528 quam
676 2447 851 2512 rationalem:
874 2467 909 2515 ut
918 2475 973 2532 pro

183 2530 249 2582 inde
259 2531 407 2585 absurdum
417 2532 453 2584 sit
462 2532 591 2597 maxime,
602 2533 673 2589 inter
682 2549 712 2588 se
721 2529 846 2587 conferre
857 2545 960 2590 nostra

183 2611 210 2655 et
219 2603 329 2656 illorum
341 2605 549 2673 providentiam.

237 2708 278 2760 le.
299 2709 615 2776 Formicamuonvides,
630 2715 725 2786 exigui
735 2713 860 2784 eorporis
875 2717 960 2768 anim

182 2783 208 2826 et
222 2792 383 2847 magnorum
396 2798 509 2852 operum
523 2787 670 2856 providum
688 2804 738 2858 per
749 2786 929 2842 industriam
955 2830 958 2835 .

181 2851 317 2902 mentem?
348 2855 418 2907 llaec
433 2857 535 2910 aestiva
550 2867 710 2931 tempestate
721 2871 866 2932 'comparet
880 2879 960 2918 nece
