2050 3100
147 164 196 217 402
374 129 559 214 rurnours
578 168 716 214 runner
836 162 945 229 [nun]
1002 175 1004 254 q

146 270 289 333 sacrificii,
307 270 404 341 angelo
415 277 505 323 autem
517 269 688 323 extremitate
699 270 795 341 uirgae
805 269 879 323 illud
889 278 947 324 tan·
1002 271 1003 280 ’

146 354 240 419 geute,
256 344 348 399 subito
363 361 527 399 succensum
537 343 605 410 luit?
638 344 673 397 Et
683 344 783 397 videns
794 346 947 398 Manuesa·

146 420 282 476 orificium
306 419 347 473 sic
369 416 477 473 flamma
502 425 671 488 correptum,
708 419 898 491 angelumque
915 419 947 472 de

145 494 254 551 flamma
269 493 420 559 elevatum,
445 501 472 547 et
485 493 603 547 bostiam
612 492 642 546 in
651 494 760 547 caelum
773 494 946 558 conductam,

146 590 180 626 ex
195 570 375 625 admiratione
389 570 467 623 visus
485 569 515 622 in
530 575 650 621 mentem
664 576 866 623 transmutatus
883 568 946 623 luit:

146 647 175 700 id
191 654 282 701 autem
300 644 401 698 accidit
420 644 459 707 ei,
486 650 517 697 ut
537 642 644 695 animae
663 643 765 698 vinute
785 644 946 714 praestanti.

145 723 214 775 Nam
228 720 355 773 conscius
369 726 425 773 erat
439 719 592 789 scripturae
606 716 739 772 dicentis:
766 720 848 773 Nemo
861 723 948 773 videos
1002 739 1003 780 l

144 798 243 849 cultum
267 810 362 857 meum,
397 798 464 847 vicet
491 800 581 856 (indic.
603 800 644 858 1³,
662 801 706 857 223
729 799 814 846 Exod.
835 801 878 861 33,
895 800 947 857 to).

144 870 231 923 Deum
240 868 333 937 itaque
344 868 536 921 universorum
546 866 653 933 vidisse
662 885 692 921 ee
702 868 878 931 existimans,
890 869 948 921 'rita
1002 855 1003 928 l

144 951 280 998 carentem
294 942 460 1013 opinabatur
473 942 558 1015 vitam
569 958 659 995 suam.
699 943 772 997 Uxor
783 950 877 996 tamen
890 944 948 996 eius

146 1017 396 1081 fortificabateum,
417 1017 459 1071 sic
468 1016 580 1071 obviam
589 1015 633 1071 illi
642 1017 759 1071 veniens
769 1018 871 1072 timore
885 1016 948 1072 alle-
1002 1013 1003 1046 ¹

144 1103 187 1149 cto
200 1092 350 1166 prudenter
365 1108 397 1146 ac
410 1099 577 1146 constanter:
600 1091 747 1162 Numquid
759 1093 834 1147 visio
843 1093 912 1155 ista,
933 1108 947 1143 o

146 1172 203 1233 vir,
220 1168 364 1240 inquiens,
377 1169 406 1221 in
418 1166 522 1221 malum
531 1165 626 1221 referri
637 1168 738 1237 possit,
750 1168 825 1222 visio
835 1168 948 1239 inquam

143 1246 241 1316 optimi
252 1246 281 1299 in
292 1240 389 1314 turpe?
406 1243 463 1296 Nec
477 1242 551 1295 enim
565 1242 704 1312 excipitur
716 1242 822 1296 oblatio
832 1242 905 1297 lacta
916 1241 948 1295 ab

143 1321 192 1375 illo
201 1320 251 1390 qui
261 1319 357 1373 mortis
367 1317 512 1371 damnatus
522 1318 572 1372 sit:
588 1334 708 1387 namque
717 1316 853 1371 dilectum
864 1317 947 1371 elficit

143 1395 210 1449 boni
226 1394 297 1449 visio
312 1394 405 1465 ipsum
420 1391 591 1462 improbum,
613 1393 663 1462 qui
677 1392 787 1445 visione
797 1391 904 1464 dignus
914 1392 948 1444 sit

143 1469 242 1524 factus.
281 1466 360 1534 Quod
375 1468 399 1521 si
415 1466 553 1539 benignus
570 1465 628 1538 (ille
644 1466 785 1538 dominus)
808 1468 869 1521 solo
885 1468 947 1519 visu

144 1553 170 1598 et
179 1544 355 1615 perceptione
366 1540 495 1598 sacrificii
505 1541 644 1614 benignus
657 1542 686 1596 iu
698 1560 749 1597 nos
761 1540 860 1607 fuerit,
883 1559 945 1613 quo,

143 1635 260 1690 quaeso,
275 1618 391 1673 consilio
401 1617 544 1680 damnabit
553 1617 731 1672 honorantem
742 1619 854 1682 mortis,
871 1616 947 1672 obla-

142 1702 202 1749 tum
213 1701 352 1766 tamquam
361 1693 464 1766 pignus
475 1699 502 1747 et
511 1700 606 1747 votum
616 1709 666 1764 pro
675 1710 725 1747 sua
737 1693 827 1747 salute
841 1691 949 1746 sacrifi-

144 1771 219 1823 cium
239 1767 401 1838 excipiens‘?
426 1769 535 1822 Novum
554 1784 620 1821 sane
639 1767 806 1822 miraculum
826 1776 886 1822 erat
905 1767 949 1820 vi-

143 1844 221 1898 dere:
241 1851 344 1915 quanto
359 1843 402 1899 vir
421 1843 532 1905 timore,
553 1842 655 1896 mulier
674 1851 766 1897 autem
785 1841 949 1897 fortitudine

143 1919 219 1990 pleni
230 1925 319 1981 erant,
342 1916 391 1971 ubi
402 1916 482 1972 illurn
493 1917 636 1988 oportebat
645 1917 863 1979 consolationem
877 1918 949 1970 reci-

143 2009 222 2064 pere,
235 1987 379 2046 mulierem
391 2009 455 2046 vero
465 1992 604 2058 timorem;
621 1993 669 2063 qui
680 1992 765 2047 solari
776 2009 895 2047 uxorem
910 1989 948 2065 [*]

142 2066 274 2129 debebat,
296 2065 416 2135 pavidus
427 2068 546 2129 exstitit,
568 2074 594 2120 et
604 2067 718 2130 mulier,
740 2083 812 2137 quae
823 2067 950 2121 solamen

142 2140 177 2195 ab
191 2140 240 2194 illo
255 2140 378 2210 recipere
392 2139 525 2194 debuerat
538 2142 611 2194 sicut
624 2141 792 2212 stupefacta,
815 2141 879 2212 ipsa
889 2149 952 2195 stu-

140 2213 280 2286 pefactum
294 2213 387 2268 verbis
400 2215 516 2268 remedii
530 2215 671 2270 similibus
681 2216 828 2271 consolans
839 2216 951 2270 reficie-

142 2291 198 2344 bat.
237 2289 297 2342 Non
318 2289 391 2341 enim
412 2288 511 2344 frustra
531 2291 633 2361 aliquis
654 2290 741 2355 dixit,
768 2292 800 2344 in
819 2283 951 2346 vultibus

142 2361 337 2432 apparentibus
357 2361 481 2417 habitare
501 2365 606 2418 animas
625 2363 766 2428 diversas,
794 2366 833 2420 ita
854 2375 887 2420 ut
906 2367 952 2420 vir

141 2435 306 2518 muliebrem
316 2451 381 2504 prae
391 2453 421 2488 se
432 2435 500 2491 ferat
510 2439 644 2501 animam,
659 2447 687 2494 et
696 2440 799 2495 mulier
809 2442 873 2496 viro
883 2458 953 2496 oon·

141 2515 298 2560 venientem
309 2515 443 2562 naturam,

162 2676 166 2686 ¹
199 2609 239 2658 ⁴9.
264 2605 354 2670 Quum
369 2610 462 2680 itaque
476 2614 519 2667 sic
534 2615 635 2669 mulier
650 2619 819 2675 annunciata
833 2630 911 2676 esset
925 2631 952 2676 et

140 2693 183 2727 νιν
192 2693 354 2744 persuasus,
374 2686 489 2755 angelus
502 2695 675 2746 transvectus
686 2702 728 2748 est
738 2703 765 2748 et
774 2697 950 2752 sacrificium
