2050 3100
65 211 98 278 [1,
110 207 155 275 81.]
196 214 246 259 DE
264 212 540 260 PROVIDENTIA
559 213 686 259 SERMO
706 213 735 257 11.
833 209 866 262 δῦ

64 314 168 371 exinde
182 314 253 368 ratio
266 313 346 369 detur
357 331 407 386 per
417 312 515 377 deum,
537 329 590 367 non
602 331 671 373 vero*
677 330 727 385 per
733 313 867 386 sphaeras

62 390 167 446 multas
177 405 301 460 superae
310 389 431 444 invieem
443 389 561 460 positas,
583 405 701 460 quarum
716 391 868 446 circumro-

62 467 182 522 tationes
196 465 354 536 poliverunt
368 463 529 537 liguram*l‚
550 465 617 536 quia
632 465 705 523 eima
720 481 780 520 eam
790 481 868 520 onar-

63 548 141 597 otntn*
150 539 203 594 fnit
216 538 332 611 sphaera
347 539 422 612 ignia
435 537 588 608 mirabilis,
619 557 735 614 magnae
750 541 825 596 euim
841 547 868 596 et

62 615 230 686 multiplicia
240 615 362 669 theoriae
376 613 411 686 (s.
426 615 545 686 specim,
567 613 679 689 formae)
694 615 864 678 viniano:

63 691 134 746 ideo
142 690 256 744 neolone
266 707 318 745 neo
327 689 397 745 illue
407 690 481 746 uadit
491 691 554 747 ista.

124 791 169 849 ol(
185 796 294 852 'Deinde
307 796 535 874 ra‘tiooinat‘us‘de
548 798 630 861 mari,
653 799 705 853 ait:
736 800 867 868 Concreto

63 880 109 927 est
119 873 276 943 extremitas
286 889 361 936 orae,
378 873 498 926 maxime
509 873 539 924 in
550 871 693 944 grandinis
700 887 811 929 'morem
823 891 868 928 re-

62 946 263 1017 silientelaquva
276 945 387 1002 limosa:
418 963 490 1018 quae
503 947 577 1000 enim
593 947 623 1000 in
633 954 703 1002 terra
713 947 867 1004 humiditas

60 1021 170 1095 passim
186 1031 240 1086 est,
259 1023 288 1076 in
300 1021 430 1076 demissis
440 1021 635 1092 depressisque
645 1021 705 1076 eius
716 1022 784 1077 locis
795 1033 867 1078 amat

61 1097 203 1166 frequenti
217 1102 361 1159 ventorum
375 1095 500 1168 impulsu
515 1095 636 1168 impelli,
654 1093 691 1172 [*]
707 1093 793 1152 lluotu
812 1113 867 1152 uno

61 1171 183 1227 alterum
196 1173 349 1228 sustinente
362 1189 438 1230 more
447 1187 571 1226 nexuum
581 1167 764 1242 quorumdam
775 1170 868 1226 fortis-

60 1247 211 1302 simorum
248 1245 411 1303 Absurdum'
420 1255 511 1301 autem
524 1253 566 1300 est
579 1243 686 1310 dicere,
710 1245 788 1302 iuxta
802 1261 868 1318 pro-

60 1321 219 1377 videntiam
229 1339 290 1377 esse
300 1331 403 1379 tantam
413 1321 621 1376 multitudinem
631 1337 779 1394 aquarum,
795 1338 867 1392 quae

62 1397 184 1452 minime
202 1395 350 1466 bibuntur;
382 1395 608 1470 quandoquidem
628 1395 714 1452 maria
734 1405 798 1450 sunt
812 1413 867 1451 non

60 1489 155 1545 pauca
172 1473 280 1528 inclusa
299 1474 371 1528 intra
389 1472 536 1528 Herculeas
556 1472 711 1536 columnas,
735 1487 868 1546 magnum

60 1555 160 1605 autem
173 1566 248 1603 mare
263 1547 420 1604 extenditur
433 1556 542 1620 praeter
555 1547 645 1621 legem
660 1556 773 1604 naturae
787 1547 868 1603 debi-

58 1636 132 1685 tam,
171 1621 266 1697 ltaque
278 1642 349 1696 quae
364 1641 399 1679 ex
413 1633 483 1679 terra
497 1621 594 1678 delluit
609 1622 782 1687 humiditas,
796 1640 868 1695 aqua

58 1708 107 1756 est
127 1698 210 1767 laem,
236 1700 365 1755 similiter
383 1708 410 1754 et
429 1701 474 1754 aer
486 1716 573 1770 vapor
590 1698 734 1753 exhalatus
748 1698 782 1753 ab
796 1714 867 1770 aqua

57 1787 207 1844 terraque,
227 1775 300 1829 siout
313 1776 344 1829 in
357 1774 465 1830 balneis
475 1775 545 1830 solat
555 1789 629 1839 ease,
649 1774 698 1829 uhi
709 1788 780 1847 aqua
790 1782 868 1829 exte-

57 1858 167 1907 nuatur
176 1866 226 1921 par
235 1849 368 1915 calorem,
388 1849 541 1905 seeundum
554 1848 868 1909 necesaanamaloman

55 1924 629 1982 tommadaeinvioemoommutotionem.

120 2036 165 2091 62.
185 2034 290 2102 Pnrno.
316 2032 448 2097 Adverte,
470 2042 501 2087 ut
513 2034 616 2105 optime
631 2033 714 2087 verba
730 2041 776 2087 tua
787 2030 867 2087 eolli'-

56 2126 129 2188 gan,
151 2107 321 2182 Alexander,
343 2110 416 2178 sicut
428 2108 478 2179 qui
489 2104 750 2182 amputant'arbores
760 2108 867 2181 agrico-

56 2188 108 2242 lae
124 2192 264 2253 accurate3
296 2185 363 2255 quia
378 2183 484 2239 fructus
497 2191 618 2255 parsest
632 2183 756 2253 plantae,
778 2188 804 2237 et
817 2181 866 2252 qui

56 2264 118 2317 rite
129 2266 246 2313 utuntur
256 2275 301 2325 eo,
322 2257 480 2332 proliciunt,
518 2257 673 2328 Perpende,
695 2254 770 2326 quod
784 2256 838 2309 die'

54 2356 72 2393 a
95 2334 276 2408 gravioribus
295 2350 407 2388 sursum
427 2333 473 2405 agi
496 2332 609 2387 leviora.
653 2330 786 2396 Quoniam
812 2346 847 2383 no

54 2426 162 2474 omne,
182 2410 257 2464 ovir
268 2410 387 2481 optima,
408 2424 508 2479 eorpus
523 2406 644 2480 pondere
653 2403 768 2478 gaudet,
789 2406 868 2471 itaut

53 2483 204 2561 quaedam
213 2485 326 2538 omnino
336 2500 390 2537 non
401 2483 497 2557 gravia
508 2481 565 2535 dici
575 2478 649 2551 opud
659 2478 807 2553 physicum
817 2490 868 2532 ex·

52 2559 174 2637 pediat,
189 2558 400 2631 velutoppositn
410 2556 556 2631 gravibus:
587 2570 715 2628 magnam
725 2553 799 2607 enirn
808 2553 867 2605 vim

53 2635 151 2693 habet
168 2634 366 2688 eontrarioium
382 2632 558 2705 compositio,
580 2646 615 2685 ex
629 2627 731 2701 quibus
745 2628 867 2682 mundus
962 2661 964 2664 -

114 2774 138 2823 ¹)
157 2776 172 2813 l.
187 2784 207 2812 e.
221 2775 244 2813 ln
258 2774 352 2822 spectem
366 2774 468 2823 ophaarae
481 2771 585 2811 mnndum
599 2770 759 2819 conglobovara
786 2766 866 2806 Auen.
