2050 3100
1006 64 1008 123 l

183 159 230 210 360
305 163 406 208 PHIL.
426 161 500 207 IUD.
521 159 681 219 Qudnam.
699 159 750 206 ΕΤ
769 158 846 204 SOL
868 153 982 220 [mill]

183 280 247 317 vero
258 262 362 318 alarum
372 263 459 316 instar
468 261 592 316 universi
602 269 693 332 partes
703 260 862 334 subsignat,
874 263 983 333 quippe

182 337 256 410 quod
267 337 387 391 mundus
399 345 505 410 tegatur¹
515 354 564 407 per
574 335 726 403 custodiam
736 336 881 391 ambarum
891 339 983 392 virtu·

181 422 254 477 tum,
267 419 425 490 quaesunt,
444 419 473 466 ut
482 411 652 474 dictumest,
668 412 788 476 creetivn
798 419 825 466 et
837 413 929 484 regia.

186 587 232 638 Cor
243 589 326 652 socies
345 585 469 636 Cherubim
486 585 522 634 od
536 601 562 634 se
582 584 680 634 invicem
699 585 838 649 respiciam,
869 594 894 634 ct
916 587 983 634 arrabo
1006 508 1008 621 l

335 653 459 718 ¹(veltres)
477 651 502 702 in
515 652 723 716 propitiatorium?
748 653 807 716 (ib.)
1006 664 1007 679 ¹

237 775 280 826 66.
304 737 414 842 Optima
428 778 509 841 atque
524 769 718 824 decentissima
728 778 769 825 est
778 769 920 826 dictorum
929 769 981 825 ior-

183 863 240 916 ma;
256 863 320 900 nam
333 847 501 902 conveniens
516 844 583 909 tuit,
599 853 630 899 ut
643 847 759 900 virtutes
770 847 893 900 creativa
904 855 932 900 et
940 863 980 899 re-
1006 848 1007 917 ᾗ

182 922 228 994 gia
239 937 269 976 se
278 929 374 976 mutuo
387 922 569 992 respicerent,
589 920 729 992 propriam
743 920 979 992 pulchritudinem
1006 928 1007 975 i

183 1003 336 1061 cernentes,
355 1005 381 1050 et
390 996 474 1050 simul
484 995 671 1049 inutilitatem
681 995 815 1050 factorum
826 996 909 1051 ambo
919 1014 980 1051 oon-

183 1072 327 1144 spirarent.
345 1071 473 1126 Secundo
485 1067 521 1144 [³¹⁵]
532 1064 599 1141 ‘quia
610 1070 679 1125 deus
688 1088 761 1125 unns
770 1079 823 1135 est,
833 1080 895 1126 tum
906 1089 979 1126 crea·

128 1206 130 1210 ,
182 1156 301 1203 tortum
322 1163 385 1210 rex,
413 1147 476 1200 iure
493 1144 653 1200 distinctam
671 1144 803 1202 virtutem
821 1163 977 1218 sumpsere;

183 1223 328 1278 distinctae
339 1229 430 1276 autem
441 1219 519 1289 inere
527 1220 647 1285 utiliter,
662 1229 694 1276 ut
703 1239 758 1294 una
769 1221 885 1286 laceret,
899 1222 980 1277 altera
1006 1212 1007 1307 l

182 1299 351 1368 imperaret.¹
378 1295 448 1362 Quia
466 1312 531 1352 vero
550 1303 690 1368 separatae
704 1304 782 1361 sunt,
804 1298 979 1352 concinnatae
1006 1310 1007 1363 r

182 1389 292 1443 quoquo
310 1371 421 1428 luerunt
441 1371 494 1426 alio
513 1370 594 1430 modo
610 1389 673 1426 cum
687 1371 862 1436 nominihus,
883 1389 978 1444 perpe-
1006 1366 1007 1441 l

182 1456 257 1502 tuam
265 1449 336 1502 inter
346 1464 375 1502 se
388 1447 521 1510 habentes
531 1449 739 1510 connexionem,
750 1447 787 1501 ita
798 1455 829 1502 ut
839 1455 896 1502 tam
906 1464 978 1502 crea·
1006 1444 1007 1461 ³

139 1521 142 1528 ’
182 1521 239 1577 tiva
249 1523 398 1593 spectatrix
408 1523 444 1578 sit
452 1522 735 1595 principativae,tam
746 1522 884 1579 creativae
893 1524 976 1597 regia.
1006 1579 1007 1582 ,

134 1602 140 1617 ’
182 1596 361 1655 Sicutautcm
371 1616 401 1653 so
411 1606 506 1653 mutuo
516 1598 683 1669 respiciunt,
703 1598 740 1653 ita
754 1599 837 1654 etiam
847 1598 909 1654 iure
918 1616 978 1671 pro-

181 1672 365 1743 pitiatorium:
396 1673 528 1745 quoniam
542 1673 568 1727 si
582 1690 636 1727 non
650 1682 708 1729 erat
718 1674 801 1729 simul
813 1674 978 1730 convenien-

181 1748 251 1803 tium
262 1750 398 1821 propitius
409 1748 493 1814 deus,
504 1764 555 1803 nec
566 1746 677 1803 fecisset
685 1750 836 1821 quicquam
844 1766 895 1821 per
905 1766 978 1805 orea-

182 1824 267 1879 tivem
277 1839 367 1895 neque
376 1823 560 1895 disposuisset
568 1840 619 1895 per
627 1824 743 1898 regiam.
1006 1883 1007 1898 χ

260 1987 324 2045 Quid
340 1999 374 2039 est
391 1989 565 2052 „Innotescam
581 1990 648 2039 volo
664 1988 760 2039 indc“t
777 1995 831 2054 (25,
848 1994 903 2051 22.)
1006 1915 1008 1984 l

236 2092 278 2143 67.
305 2090 455 2145 Scientiam
469 2100 495 2145 et
510 2091 723 2165 intelligentiam
737 2094 827 2165 magis
841 2090 933 2146 lucida
948 2107 975 2146 ao
1006 2085 1007 2090 '

180 2165 340 2235 prophetica
346 2164 372 2238 *)
384 2183 460 2220 mens
471 2168 570 2237 recipit
584 2168 668 2231 entis,
689 2184 744 2223 non
755 2167 789 2221 ab
800 2168 860 2239 ipso
871 2166 975 2239 (imme

182 2236 264 2311 diate)
275 2246 337 2293 ente
347 2270 384 2281 -
394 2242 443 2295 vix
452 2242 526 2295 enim
537 2241 659 2311 portabit
671 2243 843 2296 maiestatem
857 2270 908 2306 -,
928 2240 974 2296 sed
1006 2237 1007 2298 l

182 2315 324 2384 exprimis
335 2315 394 2368 eius
407 2315 608 2369 ministralibus
623 2316 785 2371 virtutibus.
824 2317 915 2373 Placet
928 2335 974 2372 ao·
1006 2321 1007 2342 l

181 2396 236 2439 tem
247 2388 312 2441 inde
323 2388 357 2441 ad
373 2390 477 2442 animas
492 2392 637 2459 pervenire
650 2391 826 2461 splendores,
847 2401 880 2447 nt
891 2393 972 2463 possit
1006 2399 1007 2462 j

181 2476 229 2542 per
244 2461 379 2515 secundos
394 2462 554 2531 splendores
568 2466 701 2519 maiorem
715 2474 797 2537 etque
807 2467 971 2538 splendidis·
1006 2479 1007 2510 1

181 2547 282 2585 simum
295 2550 415 2587 cernere.

231 2693 251 2738 ³⁸)
264 2706 282 2733 r.
296 2698 386 2738 lucidam
399 2711 424 2741 or
433 2704 584 2750 propomam.
609 2706 691 2749 Auen.
