2050 3100
46 98 80 163 [1,
93 95 141 161 bh]
187 101 238 146 DE
257 99 534 147 PROVIDENTIA
552 100 680 146 SERMO
699 101 718 146 1.
819 96 852 147 39

46 213 90 257 tra
103 201 276 256 voluntatem
290 199 433 263 accidunt,
453 216 500 254 eas
511 200 625 271 quidem
636 201 701 256 licet
710 204 852 272 passiones

45 278 159 343 dicere3
177 276 205 329 in
215 276 251 328 iis
261 291 340 339 vero,
353 273 387 329 de
397 274 501 345 quibus
510 274 612 348 gaudet
622 277 686 347 quis
696 285 792 348 suapte
802 295 852 332 vo-

46 353 172 414 luntate‚
188 351 239 404 etsi
256 366 318 403 cum
332 349 414 404 malis
428 351 543 404 caeteris
557 353 661 422 passim
672 369 853 407 connumere-

46 437 111 489 tur,
124 425 202 479 nnllo
213 424 294 478 modo
304 423 347 487 id,
358 424 433 494 quod
442 427 554 496 patitur,
566 427 721 498 passionem
731 427 849 499 putabit,

44 517 221 572 quamquam
229 500 314 553 nimis
324 498 481 554 dolorosum
491 501 537 576 sit.

107 611 151 664 63.
176 607 322 679 Siquidem
341 615 368 663 et
387 608 455 663 haec
471 625 582 681 quoque
596 627 695 682 magna
710 617 751 664 est
764 611 851 683 gratia

46 687 139 747 iusto,
160 683 235 738 nullo
248 683 328 739 modo
338 691 453 738 mortem
462 686 572 739 timere:
593 685 711 756 ideoque
725 694 852 739 constan-

46 769 107 813 tem
122 758 199 813 hunc
213 758 345 822 dixerim,
368 756 404 834 [Ἴ
421 776 453 814 ec
463 759 538 831 quod
548 760 681 815 iustitiam
693 759 791 833 (suam)
802 778 852 814 ne-

46 851 110 905 que
125 850 198 888 mors
217 833 362 888 deturbare
382 843 485 906 potest,
521 835 586 905 quia
604 835 776 906 providentia
796 852 851 888 non

46 911 146 981 ipsum
167 909 344 980 derelinquit.
393 909 475 980 Impii
503 909 585 964 etiam
612 917 688 964 extra
714 909 851 980 proelium

46 1001 127 1038 mors
137 984 350 1055 improvidentia
360 982 478 1037 dicenda
488 991 543 1038 est:
563 985 612 1054 qui
623 1001 688 1040 vero
698 984 849 1038 secundnm

46 1058 186 1113 iustitiam
201 1060 330 1114 virtutem
346 1058 411 1113 colit
421 1067 448 1112 et
463 1057 588 1112 eiusdem
598 1059 721 1113 veritatis
732 1058 850 1112 colorem

48 1134 108 1188 sibi
118 1135 247 1197 assumit,
269 1151 324 1188 non
339 1134 427 1206 exigit
443 1132 657 1205 aprovidentia‚
678 1150 712 1186 ne
723 1149 786 1187 oum
797 1133 851 1184 im-

46 1209 108 1280 piis
118 1210 262 1273 morimur,
276 1208 425 1279 pronihilo
434 1207 465 1263 id
475 1216 620 1278 reputans;
638 1205 687 1261 sed
698 1207 790 1278 potius
801 1205 851 1259 dc·

47 1284 298 1339 liberationevitiis
308 1292 417 1338 carente
425 1283 469 1338 illi
478 1299 588 1355 semper
598 1288 851 1354 estparatus‚tran-

47 1358 218 1430 quillitatem
237 1374 346 1429 semper
363 1374 414 1413 suo
429 1359 521 1412 animo
540 1357 732 1428 comparando.
776 1357 850 1410 Hanc

47 1443 148 1505 optans
164 1435 288 1503 accipere
301 1450 430 1506 magnam
448 1434 580 1506 gratiam,
607 1432 683 1488 novit
697 1431 850 1486 immortale

47 1509 213 1574 consilium,
240 1507 442 1580 providentiam
459 1525 509 1580 per
523 1509 708 1581 integritatem
728 1507 848 1579 assequi.

105 1619 149 1673 ot.
168 1617 290 1678 Patietur
302 1613 430 1673 morbum
439 1626 465 1673 et
474 1619 620 1682 moriatur,
641 1617 850 1689 quiproviden-

49 1694 119 1749 tiam
130 1709 184 1747 non
194 1693 286 1747 novit:
298 1692 394 1747 dolore
406 1692 549 1759 afficietur,
563 1693 778 1763 etitamorietur‚'
789 1694 850 1747 sine

49 1766 237 1823 consolatione
247 1768 309 1832 illa,
325 1784 408 1838 quam
417 1777 537 1839 praestat
546 1766 729 1839 providentia.
759 1770 849 1822 lustus

49 1851 143 1897 autem
162 1841 279 1907 fortiter,
300 1843 356 1897 imo
375 1843 499 1897 hilariter
517 1852 602 1899 morte
621 1846 763 1915 suscepta,
786 1859 850 1915 pro-

49 1917 190 1972 videntiae
208 1918 297 1972 fidens
315 1919 499 1991 integritatem
515 1914 622 1975 animae
639 1937 704 1991 prae
722 1937 752 1974 se
771 1918 848 1973 leret.

49 1995 112 2047 Non
127 1993 201 2045 enim
216 1993 281 2047 licet
294 1987 464 2048 felicitatem
474 1995 639 2050 constituere
653 1996 683 2049 in
698 1996 777 2067 copia
792 1994 850 2049 lru-

49 2076 146 2121 ctuum
165 2068 344 2139 omniumque
361 2069 531 2139 reliquarum
550 2086 655 2135 rerum,
684 2078 711 2124 et
728 2070 849 2140 corporis

50 2142 181 2206 sanitate,
203 2143 367 2215 visibilique
381 2143 482 2215 gloria,
506 2160 594 2215 quum
609 2160 663 2198 non
677 2143 761 2197 simul
778 2144 850 2197 adsit

49 2218 150 2272 virtus.
672 2234 673 2239 ¹
772 2244 773 2249 =

108 2326 151 2378 65.
172 2324 302 2380 Croesum
319 2325 445 2381 Pactolus
459 2342 555 2380 aureas
570 2325 658 2381 undas
673 2324 763 2378 ferens
778 2325 848 2378 nihil

50 2399 134 2455 iuria
182 2400 284 2454 Xerxis
307 2400 387 2455 turba
409 2401 457 2455 illa
480 2402 579 2473 ingens
598 2398 660 2454 iam'
673 2398 774 2453 nullibi
788 2406 848 2469 est.

50 2472 207 2529 Alexander
216 2475 328 2530 Macedo
339 2493 428 2530 nonne
438 2484 562 2530 mortuus
573 2473 631 2529 est‘l
649 2475 744 2529 Nonne
758 2490 772 2526 a
787 2490 850 2527 rnu-

52 2550 120 2603 liere
134 2549 251 2621 turpiter
264 2549 475 2623 bellicosaCyri
486 2550 602 2605 consilia
612 2546 744 2620 impedita
756 2546 851 2601 luere?

50 2624 169 2678 Ubinam
184 2632 248 2678 sunt
262 2633 301 2679 tot
315 2633 341 2680 et
351 2632 425 2680 tanta
434 2625 578 2695 epularum
589 2632 616 2679 et
625 2622 730 2678 diversi
740 2622 851 2693 generis
