2050 3100
1013 4 1015 27 Ι

179 133 228 186 970
303 137 399 181 PHIL.
423 135 499 181 IUD.
521 135 684 192 Quaeso.
704 133 754 180 ET
773 133 852 178 SOL.
872 127 980 193 [lma]
1013 68 1015 194 i

178 245 289 309 gnatur:
322 236 402 306 quasi
417 252 483 290 vero
496 252 562 310 prae
571 234 679 289 invidia
690 233 857 288 contrarium
867 249 898 289 se
907 232 980 288 obii·
1013 195 1015 318 J

179 313 233 364 ciat
245 309 281 384 [⁴⁴⁵]
294 310 501 364 benevolentiae
513 327 579 364 suae
590 326 625 362 ex
635 309 683 363 illa
694 307 917 379 comprobatione
924 306 981 361 lor·
1013 322 1015 325 ·

177 386 255 447 tiori‚
271 401 342 455 quae
352 392 379 439 et
389 384 522 456 deinceps
532 386 561 439 in
572 384 621 439 illo
630 391 703 438 statu
713 390 866 454 permanet.

182 539 274 603 Quare,
298 539 394 604 quoodo
412 539 503 592 audivit
519 539 600 602 ane,
619 538 982 602 mutationemque
1013 513 1015 573 l

246 624 332 656 amora
351 607 434 672 valde,
458 617 481 657 et
502 607 577 658 diae:
612 605 743 669 „Boaeda'c
759 615 783 655 et
798 621 848 667 aie,
867 608 982 669 patar⁴¹t
1013 575 1015 638 l

246 678 300 736 (aa,
315 676 370 740 aa.)
713 702 715 705 -
1013 679 1015 707 ¹

233 776 293 832 227.
324 776 426 831 Littera
446 773 476 828 id
495 773 628 844 praefert:
669 775 729 829 Non
748 782 856 828 tantum
870 774 981 848 quod*)

178 857 342 904 consecutus
354 867 408 904 non
418 849 454 903 sit
463 849 700 912 benedictionem,
714 864 795 924 aegre
805 847 858 902 fert
868 858 984 903 contur-
1013 862 1014 869 ¹

177 925 328 998 baturque,
348 931 482 998 quantum
497 924 572 997 quod
583 923 667 978 frater
677 923 737 976 eins
748 923 851 998 dignus
861 932 906 977 est
916 923 984 978 elie-
1013 964 1014 969 κ

178 1009 249 1055 ctus.
289 997 519 1069 Quandoquidem
537 997 694 1052 invidiosus
713 1006 784 1060 erat,
812 998 912 1052 maiori
933 1015 985 1052 cu·
1013 988 1015 1063 ξ

177 1093 224 1130 rae
242 1091 303 1129 esse
322 1073 378 1129 sibi
397 1081 475 1148 putat
489 1072 622 1126 damnum
636 1073 711 1135 eius,
732 1088 817 1142 quam
830 1072 984 1127 utilitatem
1013 1070 1014 1087 ¹

177 1150 331 1222 propriam:
363 1147 393 1204 id
407 1147 481 1201 enim
490 1147 609 1210 indicat,
625 1164 713 1218 quum
724 1147 778 1200 alta
788 1163 857 1201 voce
867 1147 985 1202 acerbe·

177 1241 232 1295 que
243 1223 378 1279 exclamat
388 1231 415 1276 et
425 1221 493 1276 dicit
503 1239 627 1276 rursum:
649 1222 848 1276 Bmedioetiam
857 1239 910 1276 mo.
941 1221 984 1276 Ad

177 1307 297 1354 mentem
312 1315 390 1362 vero,
413 1296 541 1352 indoctus
557 1296 612 1350 huo
626 1295 694 1350 illuc
707 1295 894 1370 vagabundus
904 1305 948 1352 est
959 1306 985 1350 et

228 1437 250 1482 ¹²)
265 1435 298 1475 Of.
313 1447 378 1484 snpra
390 1437 438 1476 vol.
452 1437 489 1475 vl.
504 1447 525 1485 p.
539 1437 583 1474 270.
1013 1444 1015 1477 t

176 1664 220 1709 tur
236 1654 317 1709 etiam
333 1653 406 1715 zelo,
430 1654 494 1723 plus
509 1654 670 1713 exhortante
684 1656 790 1711 iustitia
808 1655 845 1711 ad
863 1656 985 1715 benedi-

176 1726 295 1782 oendum
310 1743 360 1797 pro
374 1726 520 1783 infirmiori
538 1728 632 1801 (maro.
652 1728 777 1804 firmiori)
795 1728 927 1795 arbitrio,
955 1743 986 1787 ut

176 1802 258 1855 etiam
269 1802 298 1855 in
310 1799 402 1857 futuro
412 1800 518 1859 ibidem
527 1803 594 1859 ordo
608 1814 775 1876 perseveret.

1013 1919 1015 1976 l

179 1951 270 2015 Quare,
297 1970 347 2003 cura
366 1954 469 2006 aedisset
485 1956 568 2021 Esau,
597 1959 739 2011 &adamavit
763 1976 821 2011 voce
846 1977 938 2027 moqaa
961 1973 985 2010 et
1013 1981 1014 2022 l

201 2035 286 2069 omaro
305 2018 387 2083 valate,
409 2031 432 2071 ot
446 2022 520 2073 dixit:
547 2023 680 2088 „Benedic
694 2027 765 2077 etiam
776 2043 825 2090 me,
841 2031 960 2093 parert‘r

230 2121 290 2177 227.
312 2122 405 2176 Lectio
414 2123 478 2179 talis
488 2133 543 2179 est:
564 2126 617 2183 Pro
629 2127 751 2185 necdum
773 2129 983 2198 impetrante

175 2193 331 2253 nedictione
342 2206 503 2267 aspernatur
511 2216 562 2270 pro
572 2199 666 2273 dignis
676 2200 754 2260 tratri
764 2204 889 2271 meritis3
901 2212 983 2275 ntpe

174 2279 201 2321 te
217 2270 292 2323 anim
307 2269 454 2327 fascinator
472 2274 676 2333 amatissimam
689 2275 797 2333 iudicat
815 2278 884 2348 plus
903 2295 982 2335 suam

174 2343 321 2401 utilitatem
336 2346 513 2416 proelterius
529 2348 703 2407 detrimento.
741 2349 820 2408 Adeo
837 2370 940 2426 magna
957 2363 982 2407 et

175 2434 267 2473 amara
276 2420 439 2475 exclamatio
452 2422 586 2485 innotuit.
607 2436 639 2480 eo
653 2422 777 2483 dicente:
799 2427 915 2486 aenan
929 2433 980 2483 ota·-

175 2510 223 2559 qoe
232 2499 311 2549 etiarm
320 2512 370 2557 me,
383 2505 470 2561 poter.
508 2496 619 2552 Dicetur
629 2505 656 2554 et
666 2498 848 2557 uteroromu
859 2503 979 2557 versutia

173 2566 279 2622 indocti
289 2586 325 2623 ex
334 2576 450 2639 utroque
461 2568 570 2633 doben,
590 2578 618 2625 et
630 2571 746 2629 sibimet
757 2573 878 2632 adversa
892 2578 921 2633 in
933 2593 979 2631 ne·

173 2642 275 2706 gocilo,
291 2644 447 2709 sententiis,
468 2644 572 2701 verbis.
611 2644 697 2704 Vides
706 2646 778 2718 quid
786 2649 816 2703 in
828 2667 886 2707 uno
896 2651 979 2707 bene·
