2050 3100
164 572 529 671 QUAESTIONES
548 571 611 650 ΕΤ
629 569 982 650 SOLUTIONES

367 732 761 813 incanusrn.

454 951 605 1020 suano
631 967 678 1019 Ν.
739 938 743 944 ’

383 1085 386 1093 .
508 1085 512 1090 ,
799 1043 894 1096 11,23.t.
906 1045 965 1091 238.

166 1132 205 1199 [Ἴ
224 1130 307 1189 ΟΜΝ
329 1131 399 1180 dicit:
430 1129 576 1195 „Apparuit
592 1135 669 1177 malm
691 1037 801 1176 declaud-
813 1124 873 1174 dcuo
889 1039 980 1176 albrad

235 1201 282 1249 lae
300 1200 326 1249 a'n
346 1215 435 1263 quaeat
454 1198 579 1259 Mambre,
608 1211 678 1259 qma
699 1195 738 1244 itta
752 1193 846 1243 aedem
863 1192 905 1242 dte
917 1196 980 1258 fer-

195 1297 198 1302 ·
234 1278 302 1318 omae
319 1267 354 1317 ad
368 1269 453 1317 osam
470 1263 618 1318 commorati
630 1263 679 1314 ari.
717 1260 877 1314 aremare
890 1263 980 1314 oeulos

232 1338 329 1386 coefi?
350 1333 555 1398 (Gaulane)
584 1385 604 1392 .,
636 1361 640 1392 2
862 1364 865 1370 -

228 1451 252 1498 l.
271 1431 381 1501 Littera
394 1446 461 1498 satis
475 1444 590 1499 evidens
605 1443 675 1498 mihi
691 1443 801 1497 videtur
815 1449 900 1504 e‘sse,'
913 1443 978 1496 nisi

169 1519 226 1575 sola
242 1518 322 1573 arbor
341 1518 501 1590 allegoriam
520 1519 660 1574 concludit
679 1515 870 1590 exponendam
891 1515 978 1571 iuxta

170 1592 351 1649 Chaldaicum
361 1591 464 1647 idioma
473 1592 513 1664 (in
524 1609 591 1647 voce
600 1594 736 1667 Mambre).
776 1591 864 1647 Arbor
874 1598 917 1645 est
927 1609 979 1645 se-

170 1668 293 1723 cundum
302 1666 470 1721 Heraclitum
479 1676 576 1723 natura
590 1677 693 1732 nostra,
709 1684 780 1739 quae
791 1684 820 1722 se
830 1666 978 1720 obducere
1023 1714 1024 1737 ἶ

171 1762 203 1799 ao
223 1740 390 1797 abscondere
414 1748 496 1796 amat.
545 1742 667 1798 Primum
691 1744 785 1815 itaque
807 1740 975 1805 notandum,
1023 1750 1024 1757 ’

170 1815 491 1889 quodMambreVisum
500 1825 618 1872 sanatae
626 1818 733 1872 huncce
743 1833 855 1871 sensum
861 1816 974 1887 prodit:

171 1889 408 1958 Quemadmodum
427 1907 462 1945 ex
475 1892 611 1962 sapientia
626 1892 656 1946 fit
670 1910 779 1964 sapere,
803 1908 838 1945 ex
852 1892 977 1945 sanitate

172 1967 272 2021 mentis
291 1982 357 2019 sana
376 1974 467 2020 mente
488 1968 645 2021 conversari
665 1974 691 2020 et
710 1966 834 2039 singulos
857 1965 977 2020 habitus

172 2040 298 2113 proprios
307 2038 445 2111 praeferre
457 2038 493 2115 [*]
505 2040 631 2106 effectus,
653 2042 694 2095 sio
703 2041 732 2095 in
743 2040 872 2095 sensibus
884 2058 920 2095 ex
931 2049 977 2095 ta-

172 2125 218 2170 ctu
228 2124 354 2187 tangere,
374 2132 409 2169 ex
418 2124 502 2187 gustu
511 2125 637 2188 gustare,
659 2115 800 2171 exauditu
811 2113 909 2169 audire
920 2124 948 2169 et
959 2133 977 2169 a

172 2191 236 2244 visu
249 2188 367 2244 naturali
381 2192 543 2245 necessitate
559 2190 589 2245 fit
605 2190 708 2245 videre.
747 2191 803 2244 Hoc
818 2197 873 2253 est,
896 2190 977 2259 quod

172 2265 311 2336 spirituali
324 2266 533 2337 perspicacique
548 2273 639 2319 mente
653 2282 733 2328 sana,
756 2272 822 2336 puta
837 2264 974 2327 Mambre,
1023 2320 1024 2337 ;

172 2342 233 2395 sive
247 2341 326 2404 visu,
347 2339 415 2396 ditat
429 2341 565 2404 animum,
587 2348 729 2411 praestans
740 2340 766 2394 ei
777 2347 807 2393 ut
817 2339 919 2393 melius
929 2339 979 2393 vi-

172 2416 236 2470 deat
246 2422 274 2469 et
283 2415 388 2469 acutior
400 2416 437 2470 sit
450 2416 514 2470 visu
530 2421 557 2469 ct
571 2414 706 2468 insomnis
721 2413 912 2485 vigilansque,
936 2413 979 2467 ita

97 2490 103 2499 “
171 2498 204 2545 ut
222 2489 316 2546 videat
333 2490 490 2545 nouaclum
504 2488 641 2543 mundum
655 2496 789 2551 creatum,
812 2487 893 2542 cuius
908 2504 980 2541 con—

173 2565 315 2637 templatio
324 2562 516 2635 philosophiae
525 2564 635 2634 propria
646 2570 700 2627 est,
721 2578 819 2616 verum
830 2562 913 2616 etiam
924 2578 981 2633 pa—

173 2652 243 2694 trem
253 2647 280 2694 et
290 2646 437 2693 creatorem
446 2638 530 2692 deum
538 2638 701 2691 increatum.
740 2635 814 2701 Quid
825 2637 901 2690 enim
910 2652 982 2706 pro-

174 2712 267 2769 desset
280 2730 344 2770 eum
358 2713 489 2768 advenire
502 2719 529 2765 et
544 2726 597 2765 non
612 2708 721 2765 videri?
753 2709 889 2775 Quoniam
911 2727 982 2766 vero
