2050 3100
43 219 93 284 [11‚
108 212 171 279 548]
249 218 290 264 ΙΝ
307 218 477 264 Exonunt.
497 218 626 265 SERMO
644 220 675 267 11.
810 218 856 269 391

43 338 127 378 esse.
169 317 336 388 Superficies
354 328 446 373 autem
460 320 619 391 incorporea
635 329 685 375 est.
726 322 860 377 Fortassis
949 339 952 343 ’

44 392 212 451 secundnm
227 394 350 447 volatum
364 393 438 448 dicta
453 403 495 449 est
508 394 608 449 lamina
620 394 743 467 (πέταλον
754 413 769 450 a
779 400 860 452 πέτα-
905 391 907 393 ’

43 470 126 544 μαι),
148 475 181 521 ut
198 468 235 521 sit
249 467 406 540 symbolum
422 468 598 541 incorporeae
615 470 860 543 intelligibilisque

46 546 160 600 formae
175 544 316 597 materiae.
355 542 434 608 Quod
450 551 542 597 autem
555 561 639 616 supra
654 553 770 617 vagatur
786 562 861 600 sem·

45 637 117 691 per,
136 617 242 671 aliaest
253 616 423 688 praeditum,
438 635 581 689 nunquam
591 618 720 673 deorsum
731 619 857 675 devians.

45 694 146 761 Quare
166 699 193 745 et
208 697 379 759 purissimum
396 690 514 765 (aurum)
533 693 642 749 vocavit
661 694 748 759 illud,
779 697 860 765 quasi

47 767 179 839 simplex
199 774 226 820 et
245 766 413 821 luminosum
433 767 529 835 valde;
563 768 694 839 quoniam
714 770 859 824 sensibilia

47 845 194 897 mixturae
209 849 273 896 sunt
286 858 321 895 ex
335 841 466 913 plurimis
481 842 668 897 demutnatae:
699 861 819 915 namque
833 852 860 898 et

48 918 159 972 formae
171 914 234 979 illa,
248 930 321 986 qnae
331 932 386 970 non
395 924 461 970 sunt
470 917 605 981 invicem,
620 925 758 983 texentes,
780 920 859 990 puri-

47 1000 138 1047 tatem
150 1006 262 1061 quoque
272 990 376 1045 babent
386 989 421 1044 ad
431 990 645 1047 similitudinem
656 1008 751 1065 agnae.

51 1131 140 1191 Quare
161 1129 319 1195 ‚,Scalpes“,
349 1130 396 1193 ait,
423 1132 471 1193 „ia
489 1147 520 1179 ea
537 1148 595 1195 opus
613 1148 737 1195 expressae
754 1133 859 1181 caelara-

199 1214 243 1246 rae
263 1197 349 1261 aiyr'lli,
376 1207 482 1247 eoactum
500 1198 632 1248 domino‘u
654 1199 712 1262 (ib.)

111 1297 172 1351 ⁴22.
194 1292 287 1346 Placet
300 1293 326 1345 ei
341 1299 368 1345 et
386 1292 576 1363 incorpoream
594 1291 858 1364 intelligibilemque

49 1370 200 1426 materiam
214 1367 275 1421 sine
289 1366 430 1437 sculptura
448 1364 484 1441 [*]
502 1384 533 1421 ac
548 1367 634 1422 forma
649 1384 709 1421 esse
724 1383 774 1438 per
788 1384 818 1421 se
832 1376 859 1421 et

49 1448 140 1513 sculpi
150 1442 318 1512 formarique
327 1450 468 1512 tamquam
478 1441 587 1513 sigilla,
601 1442 703 1497 aeterni
714 1442 785 1496 entis
795 1458 860 1497 ver·

49 1521 98 1576 ba.
130 1519 234 1577 Verum
245 1515 315 1572 bene
327 1516 479 1571 declaravit
490 1520 605 1586 ciuilium
620 1534 757 1585 expressae
772 1520 859 1572 caela-

51 1607 144 1657 turae,
160 1592 500 1664 quoniama'mprimuntur
510 1593 540 1645 in
551 1592 591 1646 eia
602 1608 637 1646 ex
650 1601 728 1664 parte
743 1590 854 1655 formae,

50 1688 125 1744 quas
138 1667 243 1722 habent
257 1667 328 1740 typi.
366 1666 549 1721 Immateriale
559 1683 624 1721 vero
634 1675 674 1721 est
685 1666 730 1721 dei
741 1666 858 1721 verbnm

51 1761 141 1816 super
150 1725 296 1797 unibersos
308 1739 512 1796 confirmatum:
543 1758 596 1796 non
612 1743 692 1813 quasi
703 1742 806 1797 veroin
817 1742 858 1796 eis

51 1822 238 1889 impressum,
264 1815 313 1871 sed
331 1832 507 1886 expressum3
547 1817 613 1887 quia
631 1816 743 1872 excellit
763 1833 858 1871 omnes

51 1893 185 1948 materias
200 1907 343 1963 corporeas
357 1898 384 1944 et
397 1891 581 1962 incorporeas.

109 2015 192 2074 Quare
217 2033 289 2082 super
313 2015 401 2081 duplex
427 2015 602 2082 hyacinthinum
626 2014 751 2080 impariter
774 2015 808 2064 la·

77 2143 80 2150 Ι
347 2083 427 2132 mirra?
445 2087 498 2145 (28,
513 2083 568 2144 at.)

113 2172 173 2225 l23.
202 2167 338 2235 Quoniam
357 2168 523 2240 subnigram
543 2175 584 2221 est
601 2171 698 2234 duplae
712 2169 860 2234 hyacintbu-

55 2261 130 2306 aum,
158 2243 269 2315 nigrum
290 2259 356 2297 vero
377 2244 428 2297 atri
447 2242 547 2296 coloris
566 2249 607 2296 est
627 2241 731 2296 lumine
752 2255 858 2294 carens.

55 2317 135 2372 ldeae
152 2326 244 2371 autem
260 2334 315 2371 non
330 2324 395 2371 sunt
405 2316 547 2383 visibiles;
578 2323 605 2370 et
621 2319 719 2370 latrina
733 2313 858 2367 idearum

56 2391 215 2466 symbolum
225 2391 398 2455 subindicat,
414 2390 531 2461 eoquod
542 2391 578 2445 sit
592 2388 745 2444 invisibilis
760 2388 800 2440 rei
815 2388 860 2439 in·

55 2465 271 2540 telligibilisque
282 2466 407 2520 materia.

59 2588 140 2647 Quare
157 2607 253 2655 ‚,eaper
262 2591 371 2656 frontem
385 2570 532 2653 poatr'ficffl‘
554 2596 588 2637 eet
610 2583 710 2644 amira,
737 2599 783 2633 noa
805 2599 860 2632 uero

297 2673 368 2722 saper
385 2660 473 2721 caput?
490 2657 544 2720 (28,
565 2655 619 2714 38.)
794 2659 797 2666 ’

113 2745 172 2801 tat.
193 2741 364 2814 (lapillorum
379 2750 406 2797 et
419 2743 555 2796 coriorum
565 2737 726 2805 ossiumque
736 2733 860 2788 collectio
946 2772 952 2790 ,
