2050 3100
73 237 120 304 [11‚
132 233 192 299 coa]
390 241 441 286 nn
462 241 565 315 roua
824 236 873 291 lla

73 340 282 470 inppingatatspe
296 338 423 396 videntes
436 358 467 397 se
480 341 574 405 uiuos,
595 356 690 396 omnes
705 340 756 397 deo
772 344 874 415 gratias

71 434 105 471 re
118 432 166 471 ere
186 432 241 469 an.
311 445 316 451 ·

132 543 177 595 39.
198 539 324 595 Secundo
335 540 427 611 itaque
438 549 516 595 coetu
527 549 704 614 congregato,
726 542 874 615 gratitudi-

74 615 121 670 nis
136 631 232 669 vocem
245 614 401 668 senioribus
418 615 575 671 credebant.
613 617 657 671 lili
668 624 757 671 autem
772 618 800 671 in
814 635 874 673 me·
897 622 898 625 ’

74 690 155 744 diurn
166 690 321 753 venientes,
338 688 405 743 dum
415 689 506 744 adhuc
521 689 802 764 flagitab'atpopulus‚
819 710 871 747 non

74 763 198 836 amplius
206 763 372 818 haesitantes
383 764 426 819 vel
438 774 599 829 moerentes,
608 766 675 822 baec
682 766 870 839 proferebant:

71 836 319 909 Quanddqnidem,
337 849 475 909 quantum
494 840 527 894 in
542 839 622 894 nobis
641 848 710 906 erat,
731 857 748 895 o
767 841 870 906 dilecti,

71 916 178 969 mortui
192 912 341 987 fuissemus
356 920 382 967 et
392 916 525 969 rationem
533 914 678 969 reddentes
690 914 776 969 debiti
787 918 872 971 nostri

72 1006 203 1044 unacum
215 989 326 1043 civitate
340 988 535 1053 iacuissem,
552 1006 625 1057 nune
639 984 697 1043 scia
708 988 812 1045 domini
823 991 873 1059 be-

71 1064 210 1137 nignitate
219 1060 351 1117 uivimus.
380 1062 458 1129 Quod
468 1064 493 1117 si
503 1065 540 1118 ita
552 1072 594 1117 res
605 1082 634 1118 se
645 1064 740 1127 babet,
754 1081 872 1136 aequum

72 1146 131 1203 est,
147 1146 179 1193 nt
192 1155 270 1209 aquo
279 1138 359 1192 istam
371 1139 455 1193 vitam
465 1137 542 1192 velut
550 1146 655 1209 partem
665 1139 768 1209 gratiae
778 1156 872 1193 susce-

71 1214 180 1287 pimus,
193 1210 229 1287 [⁴¹⁵]
240 1212 421 1286 ipsi‘viuendi
429 1212 625 1285 gratitudinem
635 1212 794 1269 referamus.
815 1213 872 1267 Ab·

72 1288 240 1343 surdissima
254 1304 372 1359 namque
386 1288 508 1359 pravitas
523 1295 577 1352 est,
598 1295 629 1341 ut
643 1304 729 1359 quum
744 1289 871 1359 pecuniis

72 1363 158 1418 bomo
170 1379 281 1417 servum
295 1379 402 1426 emens,
422 1363 483 1433 ipss
495 1362 635 1434 possideat
649 1363 797 1433 corporalis
811 1364 871 1417 eius

73 1438 184 1493 servitii
197 1438 326 1509 gratiam,
341 1454 391 1493 nos
408 1454 471 1502 uero
485 1436 521 1492 de
534 1450 619 1492 morte
629 1438 658 1492 in
668 1439 754 1492 vitam
764 1438 873 1494 redem-

72 1513 130 1585 pti,
162 1512 332 1585 redemptori*
350 1521 471 1569 nostram
488 1513 608 1568 animam
627 1530 681 1568 non
700 1512 869 1570 dedicemus.

72 1588 177 1644 Nullus
186 1595 276 1644 tamen
286 1606 322 1656 ex
329 1587 450 1643 dominia
459 1597 512 1654 est,
525 1589 575 1660 qui
585 1589 715 1644 concedat
725 1608 804 1646 servo
813 1607 872 1645 ser·

73 1663 140 1718 vitii
154 1671 264 1735 tempus
278 1663 489 1728 determinatum
503 1680 594 1736 neque
608 1672 712 1736 partem
731 1665 875 1721 serviendi·

74 1754 158 1793 servo
175 1739 205 1792 in
222 1739 266 1794 sui
284 1738 450 1810 obsequium
468 1739 597 1794 dominus
608 1741 779 1808 capaliana,
801 1741 871 1795 resi-

75 1812 165 1868 duum
174 1821 269 1885 postea
277 1814 333 1886 ipsi
342 1813 485 1869 concedat:
501 1814 536 1868 ad
546 1832 596 1870 nos
605 1833 670 1870 vero
679 1817 871 1872 universorum

73 1888 204 1942 dominus
215 1888 522 1962 divisitvitaetempus.
548 1889 626 1957 Quod
636 1898 726 1946 autem
736 1891 782 1946 via
791 1890 870 1946 nobis

74 1980 151 2018 nunc
166 1962 283 2018 feliciter
296 1973 389 2034 parata
404 1964 486 2019 luerit
495 1963 531 2018 ad
540 1966 629 2036 ipsius
639 1966 784 2037 placitum,
806 1982 871 2021 nos-

74 2039 217 2109 metipsos
226 2046 309 2093 testes
319 2039 411 2093 babet.
437 2038 571 2104 Quoniam
581 2041 606 2095 si
616 2033 717 2112 impios
727 2059 776 2096 nos
786 2049 813 2096 et
822 2042 870 2094 vix

74 2114 170 2184 ipsum
180 2121 323 2168 noscentes
332 2113 399 2168 adeo
409 2116 868 2186 magnoperenutricisinstaraluit.

73 2190 137 2260 pios
152 2195 180 2242 et
192 2187 350 2243 confitentes
365 2187 510 2262 (deinceps
526 2189 645 2262 futuros.)
660 2191 770 2261 quantis
790 2190 870 2245 bonis

74 2279 124 2318 nos
139 2279 194 2316 non
207 2261 324 2317 ditabit?
343 2263 386 2318 illi
401 2278 465 2336 ergo
480 2263 524 2318 bis
537 2263 697 2329 studebant,
720 2274 751 2319 ut
769 2281 818 2336 pro
833 2272 870 2318 tot
925 2267 929 2275 ’

73 2337 155 2393 bonis
175 2337 325 2392 liberaliter
340 2337 449 2393 fidelem
468 2339 557 2413 magis
574 2341 702 2412 pietatem
717 2346 871 2411 satagerent

73 2410 459 2488 relerre(beneficodominc).
732 2409 737 2422 ’

131 2528 176 2592 lb.
213 2538 348 2610 Propheta
366 2556 431 2594 vero
448 2547 594 2612 postquam
612 2540 720 2613 peregit
737 2537 870 2592 Ninivitis

74 2608 320 2683 praedicationem,
339 2631 390 2668 nee
400 2615 430 2669 in
439 2616 552 2670 civitate
560 2616 673 2678 mansit,
694 2611 870 2684 noqueelcn-

75 2695 155 2758 gatus
166 2687 314 2743 abscedite
323 2690 434 2761 regione
443 2690 578 2754 civitatis,
598 2689 648 2743 sed
659 2687 770 2760 lugiens
781 2686 871 2741 bomi-

75 2777 125 2816 nes
138 2762 323 2818 calamitatem
337 2781 431 2830 eornm
440 2782 457 2819 a
467 2765 548 2836 lange
558 2763 733 2834 exspectabat
743 2770 770 2818 et
780 2761 874 2821 locum
