2050 3100
65 176 181 245 [still]
240 183 280 227 IN
301 183 480 227 GENESlN.
500 185 627 230 SERMO
647 186 689 231 1v.
821 180 867 231 l39

63 284 225 358 symmetria
239 284 362 354 partium
377 281 531 355 decoreque
544 282 647 340 formae
660 293 778 350 constat,
798 302 868 357 qua-

65 362 102 414 lis
111 362 187 413 inest
195 367 224 412 et
232 357 441 421 meretricibus,
465 376 534 430 quas
547 367 639 416 tamen
652 377 794 432 nunquam
804 361 869 431 pul·

64 435 148 489 chres
157 447 221 488 esse
229 432 365 495 dixerim,
383 432 601 489 sedexadverso
610 442 718 505 turpes,
749 435 780 489 id
794 436 868 489 enirn

66 526 167 564 nomen
179 512 221 562 est
231 508 272 561 eis
285 506 439 578 proprium.
479 508 640 580 Siquidem,
659 517 691 563 ut
704 510 774 564 mibi
788 510 869 564 vide·

5 576 7 625 ἶ
65 594 125 647 tur,
145 584 221 637 sicut
233 598 284 653 per
296 582 442 653 speculum
456 585 636 655 proprietates
648 586 770 655 corperis
783 597 869 655 appa-

66 666 140 722 rent,
162 658 206 711 sic
220 657 762 728 etiasnanimaepsrvultumacisciem:
788 676 869 729 aspe-

66 742 128 787 ctus
138 748 206 787 vero
214 730 379 803 impudens,
394 734 421 787 el
429 734 526 787 cervix
534 734 603 797 alta,
616 732 800 805 frequensque
809 751 869 787 mc—

65 818 112 862 tus
129 805 167 881 [⁴¹⁵]
184 806 413 877 superciliorum,
442 816 525 878 etque
547 824 659 879 gressus
678 809 812 872 lascivus,
842 817 870 863 et

67 882 146 936 nullu
165 882 251 936 mede
268 882 433 936 erubescens
452 882 486 936 de
506 883 589 936 malis
602 900 633 936 ac
647 883 767 954 pudens,
793 883 869 938 indi—

66 957 143 1011 cium
153 963 195 1010 est
211 957 318 1010 enimse
331 957 523 1028 turpissimae,
544 973 615 1027 quae
628 958 748 1012 occultas
762 957 868 1029 proprii

65 1031 201 1102 vituperii
214 1030 316 1103 figures
325 1031 417 1103 pingit
426 1030 614 1103 describitque
625 1033 767 1086 evidenter
780 1033 810 1085 in
827 1032 869 1084 vi-

67 1104 147 1159 sibili
163 1120 286 1175 cerpore.
326 1106 357 1158 ln
370 1120 426 1176 quo
434 1121 500 1161 vero
509 1106 556 1161 dei
565 1108 675 1161 oracula
684 1105 869 1159 habitaverint

66 1180 224 1251 sapientiae
233 1179 325 1234 studio
338 1187 421 1251 atque
433 1181 559 1244 viuutis,
579 1182 632 1235 etsi
647 1179 773 1234 Silenum
785 1194 870 1248 supe-

67 1256 173 1309 raverit
191 1256 315 1325 eorporis
333 1252 520 1320 deformitate,
540 1255 746 1327 pulcherrimus
766 1260 807 1305 est
821 1269 870 1306 ne-

67 1330 204 1383 cessario:
233 1329 338 1383 Mum
353 1337 395 1384 est
406 1330 481 1385 enirn
495 1332 523 1385 ei
537 1330 649 1401 proprio
661 1327 768 1400 pudore
786 1342 871 1382 vene·

69 1404 196 1459 rabiliter
206 1403 369 1459 conformari
381 1406 561 1477 acceptationi
576 1402 744 1459 videntium.
781 1400 870 1467 Quare

69 1478 168 1534 adiicit
189 1478 342 1552 virginitati
361 1479 391 1534 id
410 1480 486 1552 quud
505 1478 677 1552 superfluum
701 1476 870 1550 quibusdam

69 1563 197 1626 putatur,
224 1563 435 1610 necessetamen
447 1563 488 1610 est
498 1555 603 1629 (illud),
624 1554 700 1627 quud
713 1559 870 1609 manonco-

68 1635 160 1698 pueett
172 1647 244 1697 eterra,⁶
269 1631 437 1701 quamenim
447 1631 622 1694 virnoverit,
638 1630 730 1702 qualis
740 1629 792 1683 erit
801 1627 870 1700 (vir-

69 1703 134 1777 gol?
163 1705 266 1760 Verum
280 1704 395 1760 fortasse
408 1711 495 1760 etrum
507 1705 555 1760 bic
564 1706 733 1761 nutavitnen
743 1712 870 1758 constan·

70 1790 126 1834 tem
137 1781 400 1851 corporsetauims,
422 1779 472 1834 aed
482 1797 586 1836 merem
597 1780 794 1852 exemplarem:
820 1778 870 1848 qui

71 1871 123 1910 nec
136 1857 325 1927 incorruptam
339 1871 515 1926 corrumpere
523 1857 642 1912 annnam
652 1871 743 1925 neque
752 1852 871 1907 inviola-

70 1940 126 1984 tam
142 1929 246 1984 violare
261 1947 345 1986 ausus
360 1938 414 1993 est,
439 1929 560 1985 confisus
573 1931 702 2001 iniquum
716 1929 869 1990 aestimare,

70 2006 95 2058 si
109 2006 176 2076 qnis
190 2005 259 2060 velit
274 2004 455 2077 corruptibile
467 2021 561 2059 semen
575 2005 725 2076 voluptatis
735 2003 871 2058 seminare

71 2081 100 2134 in
115 2087 252 2144 mentem,
275 2080 325 2134 sed
335 2081 384 2136 illa
393 2080 550 2135 divinitatis
559 2097 629 2150 pura
638 2080 761 2150 recipere
770 2078 871 2132 debere

70 2155 194 2218 semina,
215 2171 287 2226 quae
301 2155 371 2210 solet
389 2162 466 2226 pater
486 2155 691 2217 universorum,
711 2155 871 2224 incorporee

72 2230 206 2284 nimirum
218 2237 246 2283 et
256 2228 445 2302 intelligibilia
456 2229 576 2300 desuper
585 2231 660 2283 intus
670 2230 816 2282 seminare.

118 2360 183 2418 Quid
200 2370 235 2409 est
252 2359 427 2424 „Descendens
443 2361 479 2412 cd
488 2363 582 2427 samm
598 2361 701 2425 implerit
723 2361 831 2426 hydriam

296 2445 363 2480 suam
380 2439 403 2480 et
420 2429 567 2480 ceceudit“l
588 2429 648 2494 (ib.)

132 2515 190 2566 ¹00.
205 2513 306 2584 Legem
318 2512 499 2584 voluntatis*)
510 2512 593 2567 refert
603 2513 767 2586 symbolice:
788 2525 873 2580 quae·
946 2513 950 2517 '

71 2603 193 2658 cumque
209 2587 283 2640 enim
297 2588 388 2642 anima
397 2587 565 2642 descendere
576 2587 610 2641 de
620 2587 731 2658 propria
740 2583 874 2637 sententia

73 2683 286 2698 ...ο-...-

125 2727 146 2764 ·ἰ
157 2726 191 2764 Ad
200 2727 299 2766 verbnm:
314 2730 436 2768 comulatam
445 2730 496 2776 lepte
506 2729 607 2775 (tortum
616 2729 641 2765 nt
648 2723 781 2771 legitimam).
790 2719 874 2758 Auen.
