<?xml version="1.0" encoding="UTF-8"?>
<!DOCTYPE html PUBLIC "-//W3C//DTD XHTML 1.0 Transitional//EN"
    "http://www.w3.org/TR/xhtml1/DTD/xhtml1-transitional.dtd">
<html xmlns="http://www.w3.org/1999/xhtml" xml:lang="en" lang="en">
 <head>
  <title>
</title>
<meta http-equiv="Content-Type" content="text/html;charset=utf-8" />
  <meta name='ocr-system' content='tesseract 3.04.00' />
  <meta name='ocr-capabilities' content='ocr_page ocr_carea ocr_par ocr_line ocrx_word'/>
</head>
<body>
  <div class='ocr_page' id='page_1' title='image "./operaomniaadlib02philgoog/operaomniaadlib02philgoog_0320.png"; bbox 0 0 2050 3100; ppageno 0'>
   <div class='ocr_carea' id='block_1_1' title="bbox 65 241 875 340">
    <p class='ocr_par' dir='ltr' id='par_1_1' title="bbox 65 241 875 340">
     <span class='ocr_line' id='line_1_1' title="bbox 65 241 875 340; baseline 0 -16"><span class='ocrx_word' id='word_1_1' title='bbox 65 271 186 340; x_wconf 62' lang='lat' dir='ltr'><strong>[rrum</strong></span> <span class='ocrx_word' id='word_1_2' title='bbox 259 277 301 323; x_wconf 79' lang='lat' dir='ltr'><strong>rra</strong></span> <span class='ocrx_word' id='word_1_3' title='bbox 319 277 488 325; x_wconf 80' lang='lat' dir='ltr'><strong>nxonuar.</strong></span> <span class='ocrx_word' id='word_1_4' title='bbox 510 276 639 323; x_wconf 78' lang='lat' dir='ltr'><strong>annuo</strong></span> <span class='ocrx_word' id='word_1_5' title='bbox 657 277 677 322; x_wconf 87' lang='lat' dir='ltr'><strong>r.</strong></span> <span class='ocrx_word' id='word_1_6' title='bbox 807 241 875 324; x_wconf 69' lang='grc' dir='ltr'><strong>Ι305</strong></span> 
     </span>
    </p>
   </div>
   <div class='ocr_carea' id='block_1_2' title="bbox 63 375 883 2239">
    <p class='ocr_par' dir='ltr' id='par_1_2' title="bbox 63 375 883 2239">
     <span class='ocr_line' id='line_1_2' title="bbox 64 375 875 448; baseline -0.005 -14"><span class='ocrx_word' id='word_1_7' title='bbox 64 379 175 434; x_wconf 91' lang='lat' dir='ltr'><strong>dicitur</strong></span> <span class='ocrx_word' id='word_1_8' title='bbox 184 393 238 434; x_wconf 92' lang='lat' dir='ltr'><strong>non</strong></span> <span class='ocrx_word' id='word_1_9' title='bbox 249 376 327 432; x_wconf 91' lang='lat' dir='ltr'><strong>aliud</strong></span> <span class='ocrx_word' id='word_1_10' title='bbox 338 393 399 432; x_wconf 85' lang='lat' dir='ltr'><strong>esse</strong></span> <span class='ocrx_word' id='word_1_11' title='bbox 409 375 532 442; x_wconf 81' lang='lat' dir='ltr'><strong>lemine,</strong></span> <span class='ocrx_word' id='word_1_12' title='bbox 539 378 595 431; x_wconf 86' lang='lat' dir='ltr'><strong>nisi</strong></span> <span class='ocrx_word' id='word_1_13' title='bbox 605 375 761 432; x_wconf 89' lang='lat' dir='ltr'><strong>masculum</strong></span> <span class='ocrx_word' id='word_1_14' title='bbox 771 377 875 448; x_wconf 91' lang='lat' dir='ltr'><strong>imper&#39;-</strong></span> 
     </span>
     <span class='ocr_line' id='line_1_3' title="bbox 63 451 876 524; baseline -0.005 -14"><span class='ocrx_word' id='word_1_15' title='bbox 63 454 185 510; x_wconf 82' lang='lat' dir='ltr'><strong>fectum.</strong></span> <span class='ocrx_word' id='word_1_16' title='bbox 219 451 361 516; x_wconf 90' lang='lat' dir='ltr'><strong>Secundo,</strong></span> <span class='ocrx_word' id='word_1_17' title='bbox 376 453 508 524; x_wconf 89' lang='lat' dir='ltr'><strong>quoniam</strong></span> <span class='ocrx_word' id='word_1_18' title='bbox 518 451 656 507; x_wconf 85' lang='lat' dir='ltr'><strong>masculos</strong></span> <span class='ocrx_word' id='word_1_19' title='bbox 665 451 755 507; x_wconf 92' lang='lat' dir='ltr'><strong>occidi</strong></span> <span class='ocrx_word' id='word_1_20' title='bbox 767 451 876 506; x_wconf 89' lang='lat' dir='ltr'><strong>iussum</strong></span> 
     </span>
     <span class='ocr_line' id='line_1_4' title="bbox 64 525 877 600; baseline -0.005 -16"><span class='ocrx_word' id='word_1_21' title='bbox 64 536 128 584; x_wconf 91' lang='lat' dir='ltr'><strong>erat</strong></span> <span class='ocrx_word' id='word_1_22' title='bbox 138 544 153 581; x_wconf 91' lang='lat' dir='ltr'><strong>a</strong></span> <span class='ocrx_word' id='word_1_23' title='bbox 163 543 228 599; x_wconf 80' lang='lat' dir='ltr'><strong>rege</strong></span> <span class='ocrx_word' id='word_1_24' title='bbox 239 526 375 600; x_wconf 80' lang='lat' dir='ltr'><strong>regionis,</strong></span> <span class='ocrx_word' id='word_1_25' title='bbox 396 535 489 582; x_wconf 91' lang='lat' dir='ltr'><strong>contra</strong></span> <span class='ocrx_word' id='word_1_26' title='bbox 499 526 530 581; x_wconf 92' lang='lat' dir='ltr'><strong>id</strong></span> <span class='ocrx_word' id='word_1_27' title='bbox 541 542 660 597; x_wconf 89' lang='lat' dir='ltr'><strong>aequum</strong></span> <span class='ocrx_word' id='word_1_28' title='bbox 671 525 752 580; x_wconf 88' lang='lat' dir='ltr'><strong>duxit</strong></span> <span class='ocrx_word' id='word_1_29' title='bbox 762 534 789 581; x_wconf 90' lang='lat' dir='ltr'><strong>et</strong></span> <span class='ocrx_word' id='word_1_30' title='bbox 798 526 877 581; x_wconf 89' lang='lat' dir='ltr'><strong>obla-</strong></span> 
     </span>
     <span class='ocr_line' id='line_1_5' title="bbox 63 600 877 673; baseline -0.004 -15"><span class='ocrx_word' id='word_1_31' title='bbox 63 605 174 658; x_wconf 77' lang='lat' dir='ltr'><strong>tionem</strong></span> <span class='ocrx_word' id='word_1_32' title='bbox 190 600 225 656; x_wconf 92' lang='lat' dir='ltr'><strong>ad</strong></span> <span class='ocrx_word' id='word_1_33' title='bbox 240 602 357 673; x_wconf 81' lang='lat' dir='ltr'><strong>gratiam</strong></span> <span class='ocrx_word' id='word_1_34' title='bbox 371 600 541 656; x_wconf 82' lang='lat' dir='ltr'><strong>reddendam</strong></span> <span class='ocrx_word' id='word_1_35' title='bbox 557 619 593 655; x_wconf 84' lang='lat' dir='ltr'><strong>cx</strong></span> <span class='ocrx_word' id='word_1_36' title='bbox 605 600 768 655; x_wconf 80' lang='lat' dir='ltr'><strong>masculinis</strong></span> <span class='ocrx_word' id='word_1_37' title='bbox 778 601 877 655; x_wconf 90' lang='lat' dir='ltr'><strong>bestiis</strong></span> 
     </span>
     <span class='ocr_line' id='line_1_6' title="bbox 65 675 878 748; baseline -0.004 -17"><span class='ocrx_word' id='word_1_38' title='bbox 65 677 143 731; x_wconf 84' lang='lat' dir='ltr'><strong>fieri.</strong></span> <span class='ocrx_word' id='word_1_39' title='bbox 183 677 275 730; x_wconf 90' lang='lat' dir='ltr'><strong>Tertio</strong></span> <span class='ocrx_word' id='word_1_40' title='bbox 296 684 386 730; x_wconf 91' lang='lat' dir='ltr'><strong>autem</strong></span> <span class='ocrx_word' id='word_1_41' title='bbox 405 684 518 747; x_wconf 88' lang='lat' dir='ltr'><strong>propter</strong></span> <span class='ocrx_word' id='word_1_42' title='bbox 531 677 606 748; x_wconf 82' lang='lat' dir='ltr'><strong>regis</strong></span> <span class='ocrx_word' id='word_1_43' title='bbox 621 675 814 730; x_wconf 80' lang='lat' dir='ltr'><strong>crudelitatem</strong></span> <span class='ocrx_word' id='word_1_44' title='bbox 827 692 878 747; x_wconf 92' lang='lat' dir='ltr'><strong>per</strong></span> 
     </span>
     <span class='ocr_line' id='line_1_7' title="bbox 65 749 879 822; baseline -0.002 -16"><span class='ocrx_word' id='word_1_45' title='bbox 65 750 144 806; x_wconf 91' lang='lat' dir='ltr'><strong>illud</strong></span> <span class='ocrx_word' id='word_1_46' title='bbox 155 749 278 804; x_wconf 90' lang='lat' dir='ltr'><strong>edictum</strong></span> <span class='ocrx_word' id='word_1_47' title='bbox 288 749 462 821; x_wconf 89' lang='lat' dir='ltr'><strong>publicatum</strong></span> <span class='ocrx_word' id='word_1_48' title='bbox 472 750 506 805; x_wconf 90' lang='lat' dir='ltr'><strong>de</strong></span> <span class='ocrx_word' id='word_1_49' title='bbox 517 751 590 804; x_wconf 88' lang='lat' dir='ltr'><strong>natis</strong></span> <span class='ocrx_word' id='word_1_50' title='bbox 600 749 675 822; x_wconf 89' lang='lat' dir='ltr'><strong>apud</strong></span> <span class='ocrx_word' id='word_1_51' title='bbox 685 751 832 814; x_wconf 88' lang='lat' dir='ltr'><strong>Hebraeos,</strong></span> <span class='ocrx_word' id='word_1_52' title='bbox 847 758 879 805; x_wconf 89' lang='lat' dir='ltr'><strong>ut</strong></span> 
     </span>
     <span class='ocr_line' id='line_1_8' title="bbox 66 824 879 888; baseline -0.001 -8"><span class='ocrx_word' id='word_1_53' title='bbox 66 825 193 881; x_wconf 83' lang='lat' dir='ltr'><strong>feminae</strong></span> <span class='ocrx_word' id='word_1_54' title='bbox 208 824 358 888; x_wconf 82' lang='lat' dir='ltr'><strong>alerentur,</strong></span> <span class='ocrx_word' id='word_1_55' title='bbox 380 841 470 879; x_wconf 89' lang='lat' dir='ltr'><strong>mares</strong></span> <span class='ocrx_word' id='word_1_56' title='bbox 485 833 578 879; x_wconf 92' lang='lat' dir='ltr'><strong>autem</strong></span> <span class='ocrx_word' id='word_1_57' title='bbox 590 824 791 879; x_wconf 86' lang='lat' dir='ltr'><strong>occiderentur.</strong></span> <span class='ocrx_word' id='word_1_58' title='bbox 832 824 879 879; x_wconf 93' lang='lat' dir='ltr'><strong>Si-</strong></span> 
     </span>
     <span class='ocr_line' id='line_1_9' title="bbox 67 898 879 971; baseline -0.001 -17"><span class='ocrx_word' id='word_1_59' title='bbox 67 899 189 971; x_wconf 86' lang='lat' dir='ltr'><strong>quidem</strong></span> <span class='ocrx_word' id='word_1_60' title='bbox 204 898 398 962; x_wconf 82' lang='lat' dir='ltr'><strong>conveniebat,</strong></span> <span class='ocrx_word' id='word_1_61' title='bbox 421 907 451 952; x_wconf 94' lang='lat' dir='ltr'><strong>ut</strong></span> <span class='ocrx_word' id='word_1_62' title='bbox 460 899 539 953; x_wconf 90' lang='lat' dir='ltr'><strong>irrito</strong></span> <span class='ocrx_word' id='word_1_63' title='bbox 549 899 640 954; x_wconf 89' lang='lat' dir='ltr'><strong>edicto</strong></span> <span class='ocrx_word' id='word_1_64' title='bbox 669 917 698 954; x_wconf 90' lang='lat' dir='ltr'><strong>er</strong></span> <span class='ocrx_word' id='word_1_65' title='bbox 707 899 879 958; x_wconf 84' lang='lat' dir='ltr'><strong>humanissi-</strong></span> 
     </span>
     <span class='ocr_line' id='line_1_10' title="bbox 68 972 879 1044; baseline 0.001 -16"><span class='ocrx_word' id='word_1_66' title='bbox 68 990 150 1029; x_wconf 90' lang='lat' dir='ltr'><strong>mum</strong></span> <span class='ocrx_word' id='word_1_67' title='bbox 161 973 327 1028; x_wconf 85' lang='lat' dir='ltr'><strong>beneficium</strong></span> <span class='ocrx_word' id='word_1_68' title='bbox 337 972 450 1027; x_wconf 89' lang='lat' dir='ltr'><strong>divinae</strong></span> <span class='ocrx_word' id='word_1_69' title='bbox 462 974 614 1044; x_wconf 86' lang='lat' dir='ltr'><strong>potentiae,</strong></span> <span class='ocrx_word' id='word_1_70' title='bbox 656 992 671 1029; x_wconf 90' lang='lat' dir='ltr'><strong>e</strong></span> <span class='ocrx_word' id='word_1_71' title='bbox 685 973 816 1029; x_wconf 89' lang='lat' dir='ltr'><strong>masculis</strong></span> <span class='ocrx_word' id='word_1_72' title='bbox 830 991 879 1029; x_wconf 90' lang='lat' dir='ltr'><strong>su-</strong></span> 
     </span>
     <span class='ocr_line' id='line_1_11' title="bbox 67 1046 879 1122; baseline -0.001 -19"><span class='ocrx_word' id='word_1_73' title='bbox 67 1049 132 1103; x_wconf 89' lang='lat' dir='ltr'><strong>bito</strong></span> <span class='ocrx_word' id='word_1_74' title='bbox 151 1046 292 1103; x_wconf 84' lang='lat' dir='ltr'><strong>viviiactis</strong></span> <span class='ocrx_word' id='word_1_75' title='bbox 310 1064 359 1119; x_wconf 90' lang='lat' dir='ltr'><strong>per</strong></span> <span class='ocrx_word' id='word_1_76' title='bbox 378 1048 565 1103; x_wconf 89' lang='lat' dir='ltr'><strong>masculorum</strong></span> <span class='ocrx_word' id='word_1_77' title='bbox 587 1047 754 1104; x_wconf 91' lang='lat' dir='ltr'><strong>oblationem</strong></span> <span class='ocrx_word' id='word_1_78' title='bbox 776 1049 879 1122; x_wconf 76' lang='lat' dir='ltr'><strong>gratias</strong></span> 
     </span>
     <span class='ocr_line' id='line_1_12' title="bbox 68 1121 879 1196; baseline -0.001 -18"><span class='ocrx_word' id='word_1_79' title='bbox 68 1138 165 1196; x_wconf 79' lang='lat' dir='ltr'><strong>agere.</strong></span> <span class='ocrx_word' id='word_1_80' title='bbox 208 1123 364 1196; x_wconf 66' lang='lat' dir='ltr'><strong>:ianiculum</strong></span> <span class='ocrx_word' id='word_1_81' title='bbox 386 1130 492 1187; x_wconf 89' lang='lat' dir='ltr'><strong>autem,</strong></span> <span class='ocrx_word' id='word_1_82' title='bbox 518 1123 649 1194; x_wconf 87' lang='lat' dir='ltr'><strong>quoniam</strong></span> <span class='ocrx_word' id='word_1_83' title='bbox 671 1121 787 1176; x_wconf 89' lang='lat' dir='ltr'><strong>masculi</strong></span> <span class='ocrx_word' id='word_1_84' title='bbox 808 1139 879 1177; x_wconf 87' lang='lat' dir='ltr'><strong>anno</strong></span> 
     </span>
     <span class='ocr_line' id='line_1_13' title="bbox 68 1195 880 1269; baseline -0.004 -17"><span class='ocrx_word' id='word_1_85' title='bbox 68 1200 182 1268; x_wconf 83' lang='lat' dir='ltr'><strong>integro</strong></span> <span class='ocrx_word' id='word_1_86' title='bbox 192 1195 305 1267; x_wconf 87' lang='lat' dir='ltr'><strong>perfecti</strong></span> <span class='ocrx_word' id='word_1_87' title='bbox 316 1199 534 1268; x_wconf 90' lang='lat' dir='ltr'><strong>comperiuntur.</strong></span> <span class='ocrx_word' id='word_1_88' title='bbox 557 1197 667 1252; x_wconf 88' lang='lat' dir='ltr'><strong>Etenim</strong></span> <span class='ocrx_word' id='word_1_89' title='bbox 676 1205 824 1269; x_wconf 85' lang='lat' dir='ltr'><strong>postquam</strong></span> <span class='ocrx_word' id='word_1_90' title='bbox 834 1199 880 1250; x_wconf 83' lang='lat' dir='ltr'><strong>as-</strong></span> 
     </span>
     <span class='ocr_line' id='line_1_14' title="bbox 70 1269 881 1343; baseline -0.004 -16"><span class='ocrx_word' id='word_1_91' title='bbox 70 1278 198 1327; x_wconf 86' lang='lat' dir='ltr'><strong>seruerat</strong></span> <span class='ocrx_word' id='word_1_92' title='bbox 208 1269 359 1342; x_wconf 84' lang='lat' dir='ltr'><strong>perlectum</strong></span> <span class='ocrx_word' id='word_1_93' title='bbox 371 1281 511 1343; x_wconf 89' lang='lat' dir='ltr'><strong>tamquam</strong></span> <span class='ocrx_word' id='word_1_94' title='bbox 526 1271 696 1343; x_wconf 89' lang='lat' dir='ltr'><strong>principale,</strong></span> <span class='ocrx_word' id='word_1_95' title='bbox 717 1269 881 1341; x_wconf 79' lang='lat' dir='ltr'><strong>superaddit</strong></span> 
     </span>
     <span class='ocr_line' id='line_1_15' title="bbox 71 1344 881 1417; baseline -0.005 -16"><span class='ocrx_word' id='word_1_96' title='bbox 71 1365 119 1411; x_wconf 89' lang='lat' dir='ltr'><strong>ea,</strong></span> <span class='ocrx_word' id='word_1_97' title='bbox 137 1345 242 1417; x_wconf 92' lang='lat' dir='ltr'><strong>quibus</strong></span> <span class='ocrx_word' id='word_1_98' title='bbox 256 1347 309 1400; x_wconf 90' lang='lat' dir='ltr'><strong>erit</strong></span> <span class='ocrx_word' id='word_1_99' title='bbox 322 1345 471 1417; x_wconf 88' lang='lat' dir='ltr'><strong>perfectus.</strong></span> <span class='ocrx_word' id='word_1_100' title='bbox 511 1344 678 1400; x_wconf 85' lang='lat' dir='ltr'><strong>Huiusmodi</strong></span> <span class='ocrx_word' id='word_1_101' title='bbox 693 1352 758 1401; x_wconf 90' lang='lat' dir='ltr'><strong>sunt</strong></span> <span class='ocrx_word' id='word_1_102' title='bbox 770 1360 881 1397; x_wconf 91' lang='lat' dir='ltr'><strong>mascu-</strong></span> 
     </span>
     <span class='ocr_line' id='line_1_16' title="bbox 71 1416 881 1484; baseline -0.006 -8"><span class='ocrx_word' id='word_1_103' title='bbox 71 1422 134 1476; x_wconf 83' lang='lat' dir='ltr'><strong>lum</strong></span> <span class='ocrx_word' id='word_1_104' title='bbox 145 1437 206 1474; x_wconf 87' lang='lat' dir='ltr'><strong>esse</strong></span> <span class='ocrx_word' id='word_1_105' title='bbox 217 1428 244 1474; x_wconf 89' lang='lat' dir='ltr'><strong>et</strong></span> <span class='ocrx_word' id='word_1_106' title='bbox 254 1420 413 1475; x_wconf 87' lang='lat' dir='ltr'><strong>anniculum</strong></span> <span class='ocrx_word' id='word_1_107' title='bbox 424 1442 429 1474; x_wconf 92' lang='lat'>:</span> <span class='ocrx_word' id='word_1_108' title='bbox 460 1437 519 1475; x_wconf 89' lang='lat' dir='ltr'><strong>mas</strong></span> <span class='ocrx_word' id='word_1_109' title='bbox 530 1421 618 1484; x_wconf 91' lang='lat' dir='ltr'><strong>enim,</strong></span> <span class='ocrx_word' id='word_1_110' title='bbox 640 1428 671 1474; x_wconf 92' lang='lat' dir='ltr'><strong>ut</strong></span> <span class='ocrx_word' id='word_1_111' title='bbox 681 1418 756 1483; x_wconf 87' lang='lat' dir='ltr'><strong>dixi,</strong></span> <span class='ocrx_word' id='word_1_112' title='bbox 777 1416 881 1472; x_wconf 83' lang='lat' dir='ltr'><strong>femina</strong></span> 
     </span>
     <span class='ocr_line' id='line_1_17' title="bbox 72 1493 880 1568; baseline -0.004 -17"><span class='ocrx_word' id='word_1_113' title='bbox 72 1494 223 1568; x_wconf 84' lang='lat' dir='ltr'><strong>perfectior</strong></span> <span class='ocrx_word' id='word_1_114' title='bbox 243 1503 297 1563; x_wconf 75' lang='lat' dir='ltr'><strong>est,</strong></span> <span class='ocrx_word' id='word_1_115' title='bbox 330 1497 477 1557; x_wconf 86' lang='lat' dir='ltr'><strong>anniculus</strong></span> <span class='ocrx_word' id='word_1_116' title='bbox 496 1503 587 1550; x_wconf 88' lang='lat' dir='ltr'><strong>autem</strong></span> <span class='ocrx_word' id='word_1_117' title='bbox 607 1493 751 1548; x_wconf 86' lang='lat' dir='ltr'><strong>sufficiens</strong></span> <span class='ocrx_word' id='word_1_118' title='bbox 770 1501 880 1565; x_wconf 89' lang='lat' dir='ltr'><strong>tempus</strong></span> 
     </span>
     <span class='ocr_line' id='line_1_18' title="bbox 72 1568 882 1641; baseline -0.002 -16"><span class='ocrx_word' id='word_1_119' title='bbox 72 1570 181 1625; x_wconf 89' lang='lat' dir='ltr'><strong>indicat</strong></span> <span class='ocrx_word' id='word_1_120' title='bbox 198 1568 375 1641; x_wconf 84' lang='lat' dir='ltr'><strong>perfectionis</strong></span> <span class='ocrx_word' id='word_1_121' title='bbox 390 1570 551 1625; x_wconf 90' lang='lat' dir='ltr'><strong>huiusmodi</strong></span> <span class='ocrx_word' id='word_1_122' title='bbox 566 1570 738 1625; x_wconf 87' lang='lat' dir='ltr'><strong>animalium.</strong></span> <span class='ocrx_word' id='word_1_123' title='bbox 778 1569 882 1623; x_wconf 89' lang='lat' dir='ltr'><strong>Littera</strong></span> 
     </span>
     <span class='ocr_line' id='line_1_19' title="bbox 72 1642 881 1719; baseline -0.004 -19"><span class='ocrx_word' id='word_1_124' title='bbox 72 1646 143 1701; x_wconf 87' lang='lat' dir='ltr'><strong>haec</strong></span> <span class='ocrx_word' id='word_1_125' title='bbox 161 1644 290 1717; x_wconf 76' lang='lat' dir='ltr'><strong>praefert.</strong></span> <span class='ocrx_word' id='word_1_126' title='bbox 330 1646 434 1702; x_wconf 87' lang='lat' dir='ltr'><strong>Verum</strong></span> <span class='ocrx_word' id='word_1_127' title='bbox 453 1644 487 1700; x_wconf 85' lang='lat' dir='ltr'><strong>ad</strong></span> <span class='ocrx_word' id='word_1_128' title='bbox 507 1654 641 1711; x_wconf 90' lang='lat' dir='ltr'><strong>mentem,</strong></span> <span class='ocrx_word' id='word_1_129' title='bbox 661 1660 826 1719; x_wconf 86' lang='lat' dir='ltr'><strong>progressus</strong></span> <span class='ocrx_word' id='word_1_130' title='bbox 846 1642 881 1698; x_wconf 87' lang='lat' dir='ltr'><strong>ad</strong></span> 
     </span>
     <span class='ocr_line' id='line_1_20' title="bbox 73 1719 881 1793; baseline -0.002 -18"><span class='ocrx_word' id='word_1_131' title='bbox 73 1722 206 1793; x_wconf 88' lang='lat' dir='ltr'><strong>pietatem</strong></span> <span class='ocrx_word' id='word_1_132' title='bbox 229 1719 450 1792; x_wconf 79' lang='lat' dir='ltr'><strong>condignamque</strong></span> <span class='ocrx_word' id='word_1_133' title='bbox 468 1721 642 1775; x_wconf 86' lang='lat' dir='ltr'><strong>sanctitatem</strong></span> <span class='ocrx_word' id='word_1_134' title='bbox 660 1719 798 1792; x_wconf 88' lang='lat' dir='ltr'><strong>perfectos</strong></span> <span class='ocrx_word' id='word_1_135' title='bbox 820 1737 881 1774; x_wconf 88' lang='lat' dir='ltr'><strong>esse</strong></span> 
     </span>
     <span class='ocr_line' id='line_1_21' title="bbox 74 1793 882 1866; baseline -0.002 -17"><span class='ocrx_word' id='word_1_136' title='bbox 74 1804 201 1866; x_wconf 87' lang='lat' dir='ltr'><strong>oportere</strong></span> <span class='ocrx_word' id='word_1_137' title='bbox 212 1803 238 1849; x_wconf 91' lang='lat' dir='ltr'><strong>et</strong></span> <span class='ocrx_word' id='word_1_138' title='bbox 247 1795 415 1850; x_wconf 88' lang='lat' dir='ltr'><strong>masculinos</strong></span> <span class='ocrx_word' id='word_1_139' title='bbox 426 1803 453 1849; x_wconf 91' lang='lat' dir='ltr'><strong>et</strong></span> <span class='ocrx_word' id='word_1_140' title='bbox 463 1795 617 1850; x_wconf 89' lang='lat' dir='ltr'><strong>anniculos.</strong></span> <span class='ocrx_word' id='word_1_141' title='bbox 656 1793 730 1861; x_wconf 86' lang='lat' dir='ltr'><strong>Quid</strong></span> <span class='ocrx_word' id='word_1_142' title='bbox 745 1802 837 1849; x_wconf 89' lang='lat' dir='ltr'><strong>autem</strong></span> <span class='ocrx_word' id='word_1_143' title='bbox 851 1793 882 1848; x_wconf 96' lang='lat' dir='ltr'><strong>id</strong></span> 
     </span>
     <span class='ocr_line' id='line_1_22' title="bbox 74 1867 882 1941; baseline -0.002 -17"><span class='ocrx_word' id='word_1_144' title='bbox 74 1871 126 1935; x_wconf 87' lang='lat' dir='ltr'><strong>sit,</strong></span> <span class='ocrx_word' id='word_1_145' title='bbox 148 1870 316 1924; x_wconf 90' lang='lat' dir='ltr'><strong>monendum</strong></span> <span class='ocrx_word' id='word_1_146' title='bbox 330 1877 381 1923; x_wconf 90' lang='lat' dir='ltr'><strong>est.</strong></span> <span class='ocrx_word' id='word_1_147' title='bbox 421 1867 541 1935; x_wconf 84' lang='lat' dir='ltr'><strong>Quidam</strong></span> <span class='ocrx_word' id='word_1_148' title='bbox 555 1867 763 1941; x_wconf 80' lang='lat' dir='ltr'><strong>progredientes</strong></span> <span class='ocrx_word' id='word_1_149' title='bbox 778 1870 808 1923; x_wconf 92' lang='lat' dir='ltr'><strong>in</strong></span> <span class='ocrx_word' id='word_1_150' title='bbox 823 1868 882 1923; x_wconf 86' lang='lat' dir='ltr'><strong>vir-</strong></span> 
     </span>
     <span class='ocr_line' id='line_1_23' title="bbox 74 1943 883 2017; baseline -0.002 -18"><span class='ocrx_word' id='word_1_151' title='bbox 74 1952 148 2007; x_wconf 88' lang='lat' dir='ltr'><strong>tute,</strong></span> <span class='ocrx_word' id='word_1_152' title='bbox 161 1952 308 2015; x_wconf 92' lang='lat' dir='ltr'><strong>antequam</strong></span> <span class='ocrx_word' id='word_1_153' title='bbox 317 1943 401 1998; x_wconf 89' lang='lat' dir='ltr'><strong>finem</strong></span> <span class='ocrx_word' id='word_1_154' title='bbox 411 1952 628 2014; x_wconf 85' lang='lat' dir='ltr'><strong>consequantur,</strong></span> <span class='ocrx_word' id='word_1_155' title='bbox 645 1944 806 2017; x_wconf 80' lang='lat' dir='ltr'><strong>retrogressi</strong></span> <span class='ocrx_word' id='word_1_156' title='bbox 817 1951 883 1997; x_wconf 89' lang='lat' dir='ltr'><strong>sunt</strong></span> 
     </span>
     <span class='ocr_line' id='line_1_24' title="bbox 75 2017 882 2091; baseline -0.004 -18"><span class='ocrx_word' id='word_1_157' title='bbox 75 2017 205 2091; x_wconf 77' lang='lat' dir='ltr'><strong>fugitivi3</strong></span> <span class='ocrx_word' id='word_1_158' title='bbox 236 2019 366 2091; x_wconf 90' lang='lat' dir='ltr'><strong>quoniam</strong></span> <span class='ocrx_word' id='word_1_159' title='bbox 382 2018 489 2073; x_wconf 90' lang='lat' dir='ltr'><strong>animae</strong></span> <span class='ocrx_word' id='word_1_160' title='bbox 505 2025 681 2088; x_wconf 90' lang='lat' dir='ltr'><strong>supernatam</strong></span> <span class='ocrx_word' id='word_1_161' title='bbox 696 2018 807 2073; x_wconf 87' lang='lat' dir='ltr'><strong>virtutis</strong></span> <span class='ocrx_word' id='word_1_162' title='bbox 825 2018 882 2071; x_wconf 87' lang='lat' dir='ltr'><strong>vim</strong></span> 
     </span>
     <span class='ocr_line' id='line_1_25' title="bbox 77 2090 883 2167; baseline -0.002 -20"><span class='ocrx_word' id='word_1_163' title='bbox 77 2092 215 2147; x_wconf 83' lang='lat' dir='ltr'><strong>destruxit</strong></span> <span class='ocrx_word' id='word_1_164' title='bbox 229 2094 359 2163; x_wconf 84' lang='lat' dir='ltr'><strong>antiquus</strong></span> <span class='ocrx_word' id='word_1_165' title='bbox 372 2090 409 2167; x_wconf 70' lang='grc' dir='ltr'><strong>[Ἴ</strong></span> <span class='ocrx_word' id='word_1_166' title='bbox 422 2108 509 2156; x_wconf 88' lang='lat' dir='ltr'><strong>error,</strong></span> <span class='ocrx_word' id='word_1_167' title='bbox 532 2093 581 2163; x_wconf 93' lang='lat' dir='ltr'><strong>qui</strong></span> <span class='ocrx_word' id='word_1_168' title='bbox 597 2090 632 2146; x_wconf 90' lang='lat' dir='ltr'><strong>ad</strong></span> <span class='ocrx_word' id='word_1_169' title='bbox 646 2101 757 2167; x_wconf 86' lang='lat' dir='ltr'><strong>tempus</strong></span> <span class='ocrx_word' id='word_1_170' title='bbox 770 2108 883 2148; x_wconf 87' lang='lat' dir='ltr'><strong>cessans</strong></span> 
     </span>
     <span class='ocr_line' id='line_1_26' title="bbox 77 2166 512 2239; baseline -0.005 -18"><span class='ocrx_word' id='word_1_171' title='bbox 77 2168 179 2223; x_wconf 86' lang='lat' dir='ltr'><strong>iterum</strong></span> <span class='ocrx_word' id='word_1_172' title='bbox 190 2183 289 2239; x_wconf 79' lang='lat' dir='ltr'><strong>magna</strong></span> <span class='ocrx_word' id='word_1_173' title='bbox 299 2168 328 2222; x_wconf 91' lang='lat' dir='ltr'><strong>vi</strong></span> <span class='ocrx_word' id='word_1_174' title='bbox 339 2166 451 2225; x_wconf 88' lang='lat' dir='ltr'><strong>molitus</strong></span> <span class='ocrx_word' id='word_1_175' title='bbox 462 2174 512 2221; x_wconf 86' lang='lat' dir='ltr'><strong>est.</strong></span> 
     </span>
    </p>
   </div>
   <div class='ocr_carea' id='block_1_3' title="bbox 144 2312 818 2383">
    <p class='ocr_par' dir='ltr' id='par_1_3' title="bbox 144 2312 818 2383">
     <span class='ocr_line' id='line_1_27' title="bbox 144 2312 818 2383; baseline -0.007 -11"><span class='ocrx_word' id='word_1_176' title='bbox 144 2312 226 2372; x_wconf 64' lang='lat' dir='ltr'><strong>Quare</strong></span> <span class='ocrx_word' id='word_1_177' title='bbox 243 2316 293 2366; x_wconf 65' lang='lat' dir='ltr'><strong>cvii</strong></span> <span class='ocrx_word' id='word_1_178' title='bbox 310 2316 385 2367; x_wconf 79' lang='lat' dir='ltr'><strong>electo</strong></span> <span class='ocrx_word' id='word_1_179' title='bbox 400 2312 437 2382; x_wconf 75' lang='lat' dir='ltr'><strong>(a</strong></span> <span class='ocrx_word' id='word_1_180' title='bbox 457 2331 535 2381; x_wconf 74' lang='lat' dir='ltr'><strong>opum</strong></span> <span class='ocrx_word' id='word_1_181' title='bbox 550 2316 601 2367; x_wconf 79' lang='lat' dir='ltr'><strong>sine</strong></span> <span class='ocrx_word' id='word_1_182' title='bbox 615 2316 741 2381; x_wconf 78' lang='lat' dir='ltr'><strong>mocula)t</strong></span> <span class='ocrx_word' id='word_1_183' title='bbox 758 2317 818 2383; x_wconf 76' lang='lat' dir='ltr'><strong>(ab.)</strong></span> 
     </span>
    </p>
   </div>
   <div class='ocr_carea' id='block_1_4' title="bbox 80 2414 885 2787">
    <p class='ocr_par' dir='ltr' id='par_1_4' title="bbox 80 2414 885 2787">
     <span class='ocr_line' id='line_1_28' title="bbox 134 2414 884 2492; baseline 0 -22"><span class='ocrx_word' id='word_1_184' title='bbox 134 2420 161 2470; x_wconf 90' lang='lat'><strong>8.</strong></span> <span class='ocrx_word' id='word_1_185' title='bbox 183 2414 476 2489; x_wconf 78' lang='lat' dir='ltr'><strong>Symbolice,utdixi,</strong></span> <span class='ocrx_word' id='word_1_186' title='bbox 488 2435 668 2492; x_wconf 81' lang='lat' dir='ltr'><strong>progressum</strong></span> <span class='ocrx_word' id='word_1_187' title='bbox 678 2416 832 2491; x_wconf 84' lang='lat' dir='ltr'><strong>perlectum</strong></span> <span class='ocrx_word' id='word_1_188' title='bbox 842 2417 884 2471; x_wconf 88' lang='lat' dir='ltr'><strong>si-</strong></span> 
     </span>
     <span class='ocr_line' id='line_1_29' title="bbox 80 2490 884 2566; baseline -0.001 -21"><span class='ocrx_word' id='word_1_189' title='bbox 80 2490 192 2564; x_wconf 79' lang='lat' dir='ltr'><strong>gnificat</strong></span> <span class='ocrx_word' id='word_1_190' title='bbox 201 2492 341 2563; x_wconf 85' lang='lat' dir='ltr'><strong>simulque</strong></span> <span class='ocrx_word' id='word_1_191' title='bbox 351 2494 517 2550; x_wconf 89' lang='lat' dir='ltr'><strong>masculum.</strong></span> <span class='ocrx_word' id='word_1_192' title='bbox 556 2494 722 2566; x_wconf 77' lang='lat' dir='ltr'><strong>Progressus</strong></span> <span class='ocrx_word' id='word_1_193' title='bbox 731 2498 822 2547; x_wconf 91' lang='lat' dir='ltr'><strong>autem</strong></span> <span class='ocrx_word' id='word_1_194' title='bbox 833 2507 884 2546; x_wconf 86' lang='lat' dir='ltr'><strong>vo-</strong></span> 
     </span>
     <span class='ocr_line' id='line_1_30' title="bbox 81 2565 884 2636; baseline 0 -17"><span class='ocrx_word' id='word_1_195' title='bbox 81 2566 178 2621; x_wconf 91' lang='lat' dir='ltr'><strong>raciter</strong></span> <span class='ocrx_word' id='word_1_196' title='bbox 192 2565 265 2621; x_wconf 88' lang='lat' dir='ltr'><strong>nihil</strong></span> <span class='ocrx_word' id='word_1_197' title='bbox 280 2576 321 2623; x_wconf 85' lang='lat' dir='ltr'><strong>est</strong></span> <span class='ocrx_word' id='word_1_198' title='bbox 336 2568 426 2633; x_wconf 88' lang='lat' dir='ltr'><strong>aliud,</strong></span> <span class='ocrx_word' id='word_1_199' title='bbox 449 2568 504 2623; x_wconf 84' lang='lat' dir='ltr'><strong>nisi</strong></span> <span class='ocrx_word' id='word_1_200' title='bbox 520 2568 665 2624; x_wconf 82' lang='lat' dir='ltr'><strong>derelictio</strong></span> <span class='ocrx_word' id='word_1_201' title='bbox 674 2566 788 2621; x_wconf 79' lang='lat' dir='ltr'><strong>feminei</strong></span> <span class='ocrx_word' id='word_1_202' title='bbox 797 2580 884 2636; x_wconf 82' lang='lat' dir='ltr'><strong>genc-</strong></span> 
     </span>
     <span class='ocr_line' id='line_1_31' title="bbox 81 2639 885 2710; baseline 0 -17"><span class='ocrx_word' id='word_1_203' title='bbox 81 2640 131 2703; x_wconf 87' lang='lat' dir='ltr'><strong>ris,</strong></span> <span class='ocrx_word' id='word_1_204' title='bbox 146 2641 341 2697; x_wconf 88' lang='lat' dir='ltr'><strong>commutando</strong></span> <span class='ocrx_word' id='word_1_205' title='bbox 351 2643 380 2697; x_wconf 92' lang='lat' dir='ltr'><strong>in</strong></span> <span class='ocrx_word' id='word_1_206' title='bbox 391 2642 559 2708; x_wconf 80' lang='lat' dir='ltr'><strong>masculum3</strong></span> <span class='ocrx_word' id='word_1_207' title='bbox 590 2660 654 2697; x_wconf 90' lang='lat' dir='ltr'><strong>nam</strong></span> <span class='ocrx_word' id='word_1_208' title='bbox 669 2639 819 2695; x_wconf 80' lang='lat' dir='ltr'><strong>femineum</strong></span> <span class='ocrx_word' id='word_1_209' title='bbox 834 2655 885 2710; x_wconf 80' lang='lat' dir='ltr'><strong>gc-</strong></span> 
     </span>
     <span class='ocr_line' id='line_1_32' title="bbox 82 2711 882 2787; baseline -0.005 -19"><span class='ocrx_word' id='word_1_210' title='bbox 82 2730 133 2769; x_wconf 90' lang='lat' dir='ltr'><strong>nus</strong></span> <span class='ocrx_word' id='word_1_211' title='bbox 140 2715 282 2770; x_wconf 87' lang='lat' dir='ltr'><strong>materiale</strong></span> <span class='ocrx_word' id='word_1_212' title='bbox 293 2724 347 2781; x_wconf 87' lang='lat' dir='ltr'><strong>eat,</strong></span> <span class='ocrx_word' id='word_1_213' title='bbox 363 2718 509 2780; x_wconf 80' lang='lat' dir='ltr'><strong>vitiosum,</strong></span> <span class='ocrx_word' id='word_1_214' title='bbox 530 2730 692 2787; x_wconf 89' lang='lat' dir='ltr'><strong>corporeum</strong></span> <span class='ocrx_word' id='word_1_215' title='bbox 702 2721 730 2766; x_wconf 86' lang='lat' dir='ltr'><strong>et</strong></span> <span class='ocrx_word' id='word_1_216' title='bbox 739 2711 882 2776; x_wconf 85' lang='lat' dir='ltr'><strong>sensibile,</strong></span> 
     </span>
    </p>
   </div>
   <div class='ocr_carea' id='block_1_5' title="bbox 83 2787 886 2916">
    <p class='ocr_par' dir='ltr' id='par_1_5' title="bbox 83 2787 886 2916">
     <span class='ocr_line' id='line_1_33' title="bbox 83 2787 886 2860; baseline -0.001 -18"><span class='ocrx_word' id='word_1_217' title='bbox 83 2804 140 2843; x_wconf 80' lang='lat' dir='ltr'><strong>mas</strong></span> <span class='ocrx_word' id='word_1_218' title='bbox 150 2796 242 2844; x_wconf 88' lang='lat' dir='ltr'><strong>autem</strong></span> <span class='ocrx_word' id='word_1_219' title='bbox 252 2791 374 2857; x_wconf 78' lang='lat' dir='ltr'><strong>activus,</strong></span> <span class='ocrx_word' id='word_1_220' title='bbox 386 2790 542 2856; x_wconf 84' lang='lat' dir='ltr'><strong>rationalis,</strong></span> <span class='ocrx_word' id='word_1_221' title='bbox 554 2792 746 2860; x_wconf 84' lang='lat' dir='ltr'><strong>incorporeus,</strong></span> <span class='ocrx_word' id='word_1_222' title='bbox 762 2787 847 2840; x_wconf 89' lang='lat' dir='ltr'><strong>menti</strong></span> <span class='ocrx_word' id='word_1_223' title='bbox 858 2792 886 2841; x_wconf 89' lang='lat' dir='ltr'><strong>et</strong></span> 
     </span>
     <span class='ocr_line' id='line_1_34' title="bbox 116 2861 676 2916; baseline -0.007 -3"><span class='ocrx_word' id='word_1_224' title='bbox 116 2862 227 2914; x_wconf 76' lang='lat' dir='ltr'><strong>Puteo</strong></span> <span class='ocrx_word' id='word_1_225' title='bbox 246 2864 305 2916; x_wconf 89' lang='lat' dir='ltr'><strong>vu.</strong></span> <span class='ocrx_word' id='word_1_226' title='bbox 653 2861 676 2909; x_wconf 88' lang='lat' dir='ltr'><strong>U</strong></span> 
     </span>
    </p>
   </div>
   <div class='ocr_carea' id='block_1_6' title="bbox 0 60 1048 3100">
    <p class='ocr_par' dir='ltr' id='par_1_6' title="bbox 0 60 1048 3100">
     <span class='ocr_line' id='line_1_35' title="bbox 0 60 1048 3100; baseline 0 0"><span class='ocrx_word' id='word_1_227' title='bbox 0 60 1048 3100; x_wconf 95' lang='lat' dir='ltr'><strong> </strong></span> 
     </span>
    </p>
   </div>
  </div>
 </body>
</html>
