2050 3100
277 533 325 597 tl)
341 532 641 602 PRAEFATIONEM

178 667 304 721 rnruo
325 667 437 720 nouo
460 667 731 722 raanurssau.

20 892 21 967 d
109 913 190 974 Fieri
208 935 265 972 non
279 925 396 990 poterat,
416 918 498 988 quin,
520 935 605 990 quum
619 919 751 990 praefatio
765 921 854 994 primo

20 1014 21 1017 ’
57 1015 137 1066 Tomo
156 1009 313 1084 praemissa
328 1010 382 1062 iam
396 1026 459 1063 oum
474 1009 557 1062 trium
573 1010 695 1082 priorum
710 1013 855 1067 Tomorum

55 1105 205 1158 emissione
219 1101 323 1170 scripta
333 1100 382 1163 sit,
402 1099 447 1152 his
458 1099 502 1153 vel
514 1099 571 1152 illis
583 1099 774 1156 additamentis
784 1120 853 1174 opus

55 1200 140 1248 esset.
178 1191 222 1246 dd
236 1190 361 1247 Philonis
371 1190 485 1262 quidem
495 1189 596 1260 scripta
609 1191 765 1264 aMangeyo
776 1209 855 1264 grae-

55 1302 87 1338 ce
102 1292 196 1357 utpote
211 1283 242 1336 in
262 1280 358 1353 lingua
376 1281 494 1335 auctoris
513 1281 625 1352 propria
644 1279 717 1334 edita
738 1283 785 1336 vix
804 1282 855 1336 ali-

54 1375 138 1448 quid,
159 1372 237 1446 quod
251 1371 400 1445 singularis
413 1373 544 1442 momenti
555 1375 603 1436 sit,
625 1371 781 1427 addendum
792 1375 852 1439 erit.

55 1484 141 1540 quum
152 1467 224 1519 ratio
238 1463 368 1518 editionis
377 1472 485 1518 nostrae
495 1465 575 1521 etiam
591 1465 620 1519 in
631 1466 722 1519 Tomis
733 1483 748 1520 a
758 1475 854 1538 quarto

20 1595 21 1604 η
54 1560 173 1633 reliquis
190 1573 305 1631 prorsus
325 1539 420 1611 eadem
438 1558 578 1611 manserit.
626 1558 686 1612 Nisi
713 1558 780 1612 forte
802 1558 854 1612 hoc

56 1647 265 1704 oommemorari
279 1648 374 1712 liceat,
395 1648 431 1703 ad
444 1649 640 1721 Fragmenta
659 1666 694 1703 er
708 1648 854 1703 Eusebio

56 1751 81 1794 et
95 1742 221 1796 Ioanne
236 1739 436 1799 Damascene
449 1748 539 1794 sumta
552 1748 659 1815 praeter
668 1740 794 1815 Mangeyi
806 1756 855 1793 vo·
888 1802 891 1812 1

20 1846 21 1861 ¹
57 1831 163 1888 lumina
174 1832 259 1887 etiam
268 1831 394 1905 proprias
403 1831 502 1885 horum
512 1842 620 1902 patrum
632 1832 779 1895 editiones,
797 1832 854 1885 illi·

55 1940 88 1977 us
99 1923 135 1979 ab
145 1922 307 1986 Heinichio‚
327 1922 411 1977 huius
422 1940 437 1976 a
447 1923 484 1984 Le
494 1922 583 1990 Quian
592 1932 712 1986 curatas,
730 1940 783 1977 non
794 1924 854 1977 sine

55 2014 147 2071 fructu
162 2014 275 2071 anobis
293 2013 431 2071 consultas
448 2030 518 2073 esse.
558 2014 675 2091 Singula
693 2022 798 2077 contra,
824 2022 853 2065 ut

54 2106 252 2161 Pronominum
262 2104 357 2167 αὑτοῦ,
374 2104 457 2179 αὑτῷ,
477 2105 557 2162 αὐτόν
567 2105 681 2169 formas,
698 2104 780 2159 hodie
789 2103 854 2175 plu·

54 2199 159 2251 rimum
182 2196 217 2250 ab
236 2195 389 2252 editoribus
407 2195 540 2251 librorum
563 2213 722 2269 graecorum
743 2194 854 2249 oblitte-

53 2299 141 2352 ratas,
155 2287 261 2343 anobis
271 2296 362 2342 autem
372 2295 505 2353 retentas,
519 2304 599 2363 porro
609 2288 701 2343 hiatus
711 2294 737 2342 et
747 2302 853 2341 craseos

53 2394 137 2433 usum
151 2380 288 2434 nonsatis
302 2388 481 2443 constantem,
503 2380 641 2453 copiosius
652 2388 698 2432 aut
707 2377 854 2432 defendere

52 2480 101 2523 aut
117 2472 202 2524 etiam
215 2487 361 2536 excusare,
383 2488 469 2542 quum
484 2489 528 2525 res
544 2471 661 2525 leviores
671 2470 739 2533 sint,
764 2484 854 2537 neque

52 2570 136 2614 antea
155 2578 247 2633 neque
264 2579 338 2617 nunc
355 2563 385 2616 in
404 2564 494 2616 animo
513 2578 574 2616 essa
592 2568 706 2632 poterat.
746 2556 801 2611 Sed
820 2556 854 2608 de

52 2650 182 2707 Philonis
192 2654 303 2725 scriptis
318 2656 428 2708 nonnisi
442 2656 471 2707 in
486 2654 581 2727 lingua
595 2649 723 2705 Armenia
740 2646 854 2698 servatis

52 2751 125 2799 etex
135 2762 170 2800 ea
181 2744 217 2799 ab
227 2745 379 2800 Auchero
389 2746 419 2800 in
429 2746 555 2799 Latinam
565 2738 718 2797 translatis,
739 2734 772 2789 de
787 2734 856 2787 sori-
