2050 3100
165 209 196 260 lb
389 211 576 259 PHILONIS
595 211 733 257 IUDAEI
872 203 902 269 [1,
913 205 958 270 lb]

164 323 273 379 carunt,
290 315 388 386 poenis
397 313 517 378 tradere,
529 330 616 385 quum
627 330 659 366 ea
669 311 788 366 facinora
798 328 855 366 non
866 311 960 366 volun-

163 391 232 444 tarie
247 389 417 462 peregerint,
438 389 513 444 baud
529 389 661 444 habentes
676 388 732 458 ipsi
742 394 960 458 potestatemsu-

163 483 213 537 pra
232 480 322 520 mores
339 463 499 536 proprios‘l‘
515 464 590 530 Quae
606 463 651 518 lex
663 470 752 534 potest
765 461 892 516 detinere
906 463 961 516 ani-

163 557 250 603 mum,
262 557 297 594 ne
306 541 337 593 in
346 539 477 610 operibus
488 539 610 594 imitetur
619 555 734 610 pravam
744 537 910 592 electionem
917 554 961 591 vo-

164 615 292 679 luntatis,
310 614 334 668 si
345 614 422 669 nulla
432 615 469 669 sit
478 615 508 668 in
518 615 579 686 ipso
588 611 719 668 libertas?
747 611 893 678 Quomodo
906 622 961 684 pot-

147 700 206 745 .est
219 689 327 745 obstare
341 687 411 753 lato,
432 707 446 743 a
461 706 517 760 quo
532 689 576 744 vel
587 689 692 744 invitus
703 685 871 742 abducitur?
899 687 961 754 Qui·

164 781 283 835 cumque
298 763 423 819 libertate
437 764 531 822 donati
547 771 612 819 sunt
626 761 659 836 (s.
676 764 846 833 cuicumque
860 762 930 817 insit
940 781 959 815 s.

163 840 266 911 praesit
281 838 416 894 libertatis
432 839 500 912 lex),
523 839 580 895 illis
595 837 669 911 quod
684 838 798 893 libuerit
814 837 862 892 lex
878 839 961 909 impe

163 922 216 982 ret,
251 914 353 970 babent
372 915 447 969 enim
465 931 554 970 mores
573 930 667 969 eorum
686 913 858 968 voluntatem
881 912 961 967 libere

163 997 303 1062 agentern,
315 1008 330 1044 a
340 990 449 1044 nemine
458 989 597 1061 impediti.
633 987 721 1118 &cui
732 987 844 1042 animus
853 989 961 1042 omnino

163 1063 311 1120 destitutus
321 1066 358 1119 sit
369 1064 507 1129 libertate,
525 1063 591 1118 huic
603 1064 639 1118 lic
676 1065 699 1119 it
707 1062 799 1118 dicere
811 1062 906 1118 iudici
917 1062 960 1118 etsi

163 1141 249 1194 iusto:
271 1139 410 1203 Dissolve,
422 1139 510 1194 libera
520 1155 564 1194 mc
575 1158 590 1194 a
600 1138 712 1194 vinculo
722 1138 929 1202 natalitiorum,
940 1147 961 1192 et

163 1222 258 1287 postea
267 1214 302 1268 da
312 1214 382 1269 mibi
393 1215 492 1287 legem,
505 1230 576 1286 quae
585 1213 635 1268 tibi
647 1213 750 1284 placet3
775 1213 893 1284 quando
906 1230 961 1270 vero

163 1307 219 1344 non
229 1289 374 1346 mandetur
388 1308 403 1344 a
416 1307 462 1345 me
476 1290 661 1354 exsecutioni,
683 1288 807 1343 inducito
821 1305 911 1360 super
924 1305 961 1342 me

163 1365 323 1420 vexationes
346 1374 556 1429 tormentorum,
583 1365 659 1420 varia
678 1364 802 1426 vincula,
832 1372 860 1418 et
881 1375 963 1420 morte

163 1440 223 1511 ipsa
239 1439 395 1513 deperdito,
416 1441 472 1495 nisi
488 1440 587 1496 faciam
602 1439 708 1496 iudicia
719 1439 774 1493 mei
788 1437 938 1510 placitum.

164 1555 166 1559 .
219 1517 262 1568 8l.
289 1515 338 1571 Sin
353 1525 444 1572 autem
458 1516 567 1572 obstant
581 1515 704 1572 natalitia
721 1513 812 1570 sidera
828 1513 964 1571 voluntati

163 1589 398 1662 uniuscuiusque,
418 1593 483 1663 quis
497 1591 679 1664 reprehendat
694 1590 835 1645 hominem
848 1607 866 1644 a
877 1591 966 1645 caele·

163 1663 253 1718 stibus
267 1667 347 1719 astris
362 1668 391 1721 in
406 1668 509 1721 malum
524 1668 645 1738 pervim
660 1664 793 1722 tractum‘l
822 1667 888 1721 Non
905 1682 967 1721 sane

164 1737 232 1792 deus
241 1738 316 1808 ipse,
331 1743 357 1794 si
367 1741 457 1814 legem
467 1742 548 1809 ierat,
580 1742 750 1813 potesteuim
764 1740 904 1797 subditus
919 1744 969 1795 iste

164 1811 255 1866 dicere
270 1812 322 1867 deo
335 1831 459 1887 quoque:
491 1816 574 1872 Solve
590 1818 712 1872 animum
726 1833 819 1871 meum
834 1834 850 1870 a
864 1817 969 1871 natali·

163 1887 224 1950 tiis,
241 1893 267 1941 et
277 1887 393 1943 babebis
404 1891 474 1965 legis
488 1892 701 1947 observatorem.
739 1890 808 1957 Quis
824 1892 969 1962 parricida

164 1978 195 2015 ao
209 1963 351 2018 matricida
366 1965 427 2021 iure
444 1965 481 2041 [*]
496 1966 661 2023 subiiciatur
679 1968 831 2021 sententiae
850 1966 967 2027 iudicii,

163 2037 212 2107 qui
228 2036 263 2091 ab
278 2040 358 2093 astris
373 2050 482 2096 coactus
495 2050 598 2097 tractus
609 2041 692 2097 luerit
700 2041 735 2096 ad
744 2042 969 2097 internecionem

162 2113 325 2183 parentum?
353 2114 408 2171 Aut
421 2118 485 2188 quis
499 2116 583 2171 talem
597 2118 741 2172 mulierem
751 2116 916 2172 adulteram
927 2134 971 2172 ac-

163 2189 341 2253 cusarevelit,
352 2207 402 2261 per
412 2193 470 2246 vim
480 2209 547 2246 sane
557 2199 690 2247 astrorum
700 2192 851 2263 impulsam
861 2193 906 2247 ad
917 2192 971 2247 ini-

163 2264 387 2333 quascoitiones‘?
405 2264 492 2331 Quam
501 2266 621 2338 plurima
632 2267 686 2321 alia
695 2268 724 2321 in
735 2275 804 2321 terra
817 2284 833 2321 a
843 2268 972 2337 quibus·

163 2338 227 2391 dam
237 2338 353 2411 indigne
363 2339 432 2395 lacta
443 2342 492 2411 qui
503 2341 614 2406 viderit,
625 2341 762 2413 quomodo
772 2342 796 2395 is
806 2344 920 2413 poterit
929 2344 973 2395 in-

162 2413 274 2482 culpare
284 2430 340 2478 eos,
352 2416 402 2485 qui
411 2416 555 2476 brutorum
565 2434 640 2471 more
655 2434 671 2471 a
685 2417 818 2471 natalitiis
834 2433 973 2473 necessa-

141 2530 145 2546 ,
162 2486 202 2537 ric
214 2485 390 2542 abducuntur
399 2489 432 2560 (s.
444 2490 581 2560 inculpari
592 2493 616 2545 is
624 2493 739 2562 poterit,
755 2493 806 2563 qui
875 2492 974 2549 abdu-

161 2557 262 2629 citur)l
288 2561 342 2614 Eos
353 2563 427 2615 enim
441 2564 605 2637 excusant*]
619 2565 743 2621 natalitia
752 2575 895 2622 astrorum
906 2568 974 2623 tmi-

161 2632 249 2681 versis
264 2631 424 2689 bominibus
433 2636 617 2693 inevitabilia.

163 2719 374 2739 —-—-....

212 2749 234 2795 ¹)
248 2752 328 2795 Graece
342 2759 392 2807 snit,
406 2762 428 2799 ul
441 2762 513 2802 tollor:
538 2758 706 2813 ἂκαταγνῶστονς
718 2769 792 2805 ποιεῖν.
818 2764 907 2805 Auob-
