<?xml version="1.0" encoding="UTF-8"?>
<!DOCTYPE html PUBLIC "-//W3C//DTD XHTML 1.0 Transitional//EN"
    "http://www.w3.org/TR/xhtml1/DTD/xhtml1-transitional.dtd">
<html xmlns="http://www.w3.org/1999/xhtml" xml:lang="en" lang="en">
 <head>
  <title>
</title>
<meta http-equiv="Content-Type" content="text/html;charset=utf-8" />
  <meta name='ocr-system' content='tesseract 3.04.00' />
  <meta name='ocr-capabilities' content='ocr_page ocr_carea ocr_par ocr_line ocrx_word'/>
</head>
<body>
  <div class='ocr_page' id='page_1' title='image "./operaomniaadlib02philgoog/operaomniaadlib02philgoog_0437.png"; bbox 0 0 2050 3100; ppageno 0'>
   <div class='ocr_carea' id='block_1_1' title="bbox 201 168 997 237">
    <p class='ocr_par' dir='ltr' id='par_1_1' title="bbox 201 168 997 237">
     <span class='ocr_line' id='line_1_1' title="bbox 201 168 997 237; baseline -0.004 -15"><span class='ocrx_word' id='word_1_1' title='bbox 201 168 250 222; x_wconf 73' lang='lat' dir='ltr'>tna</span> <span class='ocrx_word' id='word_1_2' title='bbox 441 174 559 221; x_wconf 76' lang='lat' dir='ltr'>ruico</span> <span class='ocrx_word' id='word_1_3' title='bbox 583 172 753 220; x_wconf 64' lang='lat' dir='ltr'>runicus</span> <span class='ocrx_word' id='word_1_4' title='bbox 885 168 997 237; x_wconf 60' lang='lat' dir='ltr'>[uni]</span> 
     </span>
    </p>
   </div>
   <div class='ocr_carea' id='block_1_2' title="bbox 180 270 998 1550">
    <p class='ocr_par' dir='ltr' id='par_1_2' title="bbox 180 270 998 1550">
     <span class='ocr_line' id='line_1_2' title="bbox 200 270 997 345; baseline 0.003 -17"><span class='ocrx_word' id='word_1_5' title='bbox 200 292 263 329; x_wconf 80' lang='lat' dir='ltr'>sum</span> <span class='ocrx_word' id='word_1_6' title='bbox 278 270 332 339; x_wconf 80' lang='lat' dir='ltr'>es&#39;t,</span> <span class='ocrx_word' id='word_1_7' title='bbox 355 275 384 329; x_wconf 93' lang='lat' dir='ltr'>iu</span> <span class='ocrx_word' id='word_1_8' title='bbox 399 291 493 339; x_wconf 84' lang='lat' dir='ltr'>senes,</span> <span class='ocrx_word' id='word_1_9' title='bbox 515 275 591 330; x_wconf 82' lang='lat' dir='ltr'>viros</span> <span class='ocrx_word' id='word_1_10' title='bbox 605 274 791 345; x_wconf 83' lang='lat' dir='ltr'>iuvenesque,</span> <span class='ocrx_word' id='word_1_11' title='bbox 811 273 889 329; x_wconf 80' lang='lat' dir='ltr'>iuxta</span> <span class='ocrx_word' id='word_1_12' title='bbox 900 282 997 330; x_wconf 87' lang='lat' dir='ltr'>aetates</span> 
     </span>
     <span class='ocr_line' id='line_1_3' title="bbox 180 350 998 422; baseline 0.002 -18"><span class='ocrx_word' id='word_1_13' title='bbox 180 402 183 409; x_wconf 88' lang='grc'>,</span> <span class='ocrx_word' id='word_1_14' title='bbox 200 366 295 404; x_wconf 89' lang='lat' dir='ltr'>eorum</span> <span class='ocrx_word' id='word_1_15' title='bbox 314 358 341 405; x_wconf 89' lang='lat' dir='ltr'>et</span> <span class='ocrx_word' id='word_1_16' title='bbox 358 357 470 422; x_wconf 88' lang='lat' dir='ltr'>peccata</span> <span class='ocrx_word' id='word_1_17' title='bbox 487 350 660 405; x_wconf 70' lang='lat' dir='ltr'>corroborata</span> <span class='ocrx_word' id='word_1_18' title='bbox 680 358 755 403; x_wconf 80' lang='lat' dir='ltr'>sunt.</span> <span class='ocrx_word' id='word_1_19' title='bbox 793 350 912 405; x_wconf 85' lang='lat' dir='ltr'>iuvenes</span> <span class='ocrx_word' id='word_1_20' title='bbox 925 351 998 405; x_wconf 89' lang='lat' dir='ltr'>enim</span> 
     </span>
     <span class='ocr_line' id='line_1_4' title="bbox 200 424 997 497; baseline 0.001 -18"><span class='ocrx_word' id='word_1_21' title='bbox 200 441 295 480; x_wconf 88' lang='lat' dir='ltr'>eorum</span> <span class='ocrx_word' id='word_1_22' title='bbox 310 424 445 479; x_wconf 85' lang='lat' dir='ltr'>carnalem</span> <span class='ocrx_word' id='word_1_23' title='bbox 466 432 640 497; x_wconf 79' lang='lat' dir='ltr'><strong>aucupantur</strong></span> <span class='ocrx_word' id='word_1_24' title='bbox 654 424 836 496; x_wconf 66' lang='lat' dir='ltr'>voluptatem</span> <span class='ocrx_word' id='word_1_25' title='bbox 868 426 920 496; x_wconf 87' lang='lat' dir='ltr'>qni</span> <span class='ocrx_word' id='word_1_26' title='bbox 934 442 997 480; x_wconf 81' lang='lat' dir='ltr'>vero</span> 
     </span>
     <span class='ocr_line' id='line_1_5' title="bbox 199 498 998 573; baseline 0.003 -20"><span class='ocrx_word' id='word_1_27' title='bbox 199 500 367 555; x_wconf 79' lang='lat' dir='ltr'><strong>robustiores</strong></span> <span class='ocrx_word' id='word_1_28' title='bbox 379 501 483 555; x_wconf 86' lang='lat' dir='ltr'>suntin</span> <span class='ocrx_word' id='word_1_29' title='bbox 494 501 562 555; x_wconf 89' lang='lat' dir='ltr'>viris</span> <span class='ocrx_word' id='word_1_30' title='bbox 571 498 702 573; x_wconf 78' lang='lat' dir='ltr'>perfecti,</span> <span class='ocrx_word' id='word_1_31' title='bbox 718 498 753 554; x_wconf 89' lang='lat' dir='ltr'>ad</span> <span class='ocrx_word' id='word_1_32' title='bbox 764 499 908 553; x_wconf 83' lang='lat' dir='ltr'>latrocinia</span> <span class='ocrx_word' id='word_1_33' title='bbox 919 516 998 555; x_wconf 85' lang='lat' dir='ltr'>usur·</span> 
     </span>
     <span class='ocr_line' id='line_1_6' title="bbox 199 574 995 647; baseline 0 -18"><span class='ocrx_word' id='word_1_34' title='bbox 199 584 265 646; x_wconf 87' lang='lat' dir='ltr'>pant</span> <span class='ocrx_word' id='word_1_35' title='bbox 280 576 368 643; x_wconf 85' lang='lat' dir='ltr'>vires;</span> <span class='ocrx_word' id='word_1_36' title='bbox 399 592 470 647; x_wconf 88' lang='lat' dir='ltr'>quae</span> <span class='ocrx_word' id='word_1_37' title='bbox 485 574 581 630; x_wconf 84' lang='lat' dir='ltr'>formis</span> <span class='ocrx_word' id='word_1_38' title='bbox 595 574 805 631; x_wconf 79' lang='lat' dir='ltr'>differuntinter</span> <span class='ocrx_word' id='word_1_39' title='bbox 815 591 845 628; x_wconf 86' lang='lat' dir='ltr'>se</span> <span class='ocrx_word' id='word_1_40' title='bbox 856 575 995 637; x_wconf 89' lang='lat' dir='ltr'>mulieres,</span> 
     </span>
     <span class='ocr_line' id='line_1_7' title="bbox 198 649 998 722; baseline 0 -19"><span class='ocrx_word' id='word_1_41' title='bbox 198 660 229 703; x_wconf 85' lang='lat' dir='ltr'>ut</span> <span class='ocrx_word' id='word_1_42' title='bbox 238 649 346 720; x_wconf 81' lang='lat' dir='ltr'>laqueis</span> <span class='ocrx_word' id='word_1_43' title='bbox 357 650 430 705; x_wconf 92' lang='lat' dir='ltr'>viros</span> <span class='ocrx_word' id='word_1_44' title='bbox 441 658 565 722; x_wconf 81' lang='lat' dir='ltr'>captent,</span> <span class='ocrx_word' id='word_1_45' title='bbox 582 649 758 705; x_wconf 88' lang='lat' dir='ltr'>adornantur.</span> <span class='ocrx_word' id='word_1_46' title='bbox 797 650 888 721; x_wconf 77' lang='lat' dir='ltr'>Atque</span> <span class='ocrx_word' id='word_1_47' title='bbox 901 666 998 704; x_wconf 88' lang='lat' dir='ltr'>senum</span> 
     </span>
     <span class='ocr_line' id='line_1_8' title="bbox 198 723 998 797; baseline 0.003 -20"><span class='ocrx_word' id='word_1_48' title='bbox 198 739 309 793; x_wconf 92' lang='lat' dir='ltr'>quoque</span> <span class='ocrx_word' id='word_1_49' title='bbox 324 726 424 778; x_wconf 87' lang='lat' dir='ltr'>canitia</span> <span class='ocrx_word' id='word_1_50' title='bbox 439 724 623 780; x_wconf 86' lang='lat' dir='ltr'>verendorum</span> <span class='ocrx_word' id='word_1_51' title='bbox 637 742 720 797; x_wconf 90' lang='lat' dir='ltr'>opera</span> <span class='ocrx_word' id='word_1_52' title='bbox 734 723 808 797; x_wconf 89' lang='lat' dir='ltr'>apud</span> <span class='ocrx_word' id='word_1_53' title='bbox 823 723 887 779; x_wconf 86' lang='lat' dir='ltr'>illos</span> <span class='ocrx_word' id='word_1_54' title='bbox 897 728 948 780; x_wconf 89' lang='lat' dir='ltr'>vix</span> <span class='ocrx_word' id='word_1_55' title='bbox 957 734 998 779; x_wconf 88' lang='lat' dir='ltr'>to-</span> 
     </span>
     <span class='ocr_line' id='line_1_9' title="bbox 198 798 996 871; baseline 0.005 -20"><span class='ocrx_word' id='word_1_56' title='bbox 198 798 323 853; x_wconf 86' lang='lat' dir='ltr'>lerabilia</span> <span class='ocrx_word' id='word_1_57' title='bbox 343 808 421 867; x_wconf 69' lang='lat' dir='ltr'>sunt,</span> <span class='ocrx_word' id='word_1_58' title='bbox 453 800 582 871; x_wconf 85' lang='lat' dir='ltr'>quamvis</span> <span class='ocrx_word' id='word_1_59' title='bbox 602 800 677 856; x_wconf 88' lang='lat' dir='ltr'>enim</span> <span class='ocrx_word' id='word_1_60' title='bbox 696 801 811 855; x_wconf 83' lang='lat' dir='ltr'>istorum</span> <span class='ocrx_word' id='word_1_61' title='bbox 831 806 905 855; x_wconf 83' lang='lat' dir='ltr'>aetas</span> <span class='ocrx_word' id='word_1_62' title='bbox 923 802 996 855; x_wconf 86' lang='lat' dir='ltr'>vires</span> 
     </span>
     <span class='ocr_line' id='line_1_10' title="bbox 197 872 995 945; baseline 0.006 -20"><span class='ocrx_word' id='word_1_63' title='bbox 197 872 330 938; x_wconf 84' lang='lat' dir='ltr'>abscidit,</span> <span class='ocrx_word' id='word_1_64' title='bbox 346 873 585 944; x_wconf 88' lang='lat' dir='ltr'>pulchritudinem</span> <span class='ocrx_word' id='word_1_65' title='bbox 595 874 712 939; x_wconf 82' lang='lat' dir='ltr'>ademit,</span> <span class='ocrx_word' id='word_1_66' title='bbox 727 891 855 929; x_wconf 87' lang='lat' dir='ltr'>concessa</span> <span class='ocrx_word' id='word_1_67' title='bbox 864 890 916 945; x_wconf 91' lang='lat' dir='ltr'>pro</span> <span class='ocrx_word' id='word_1_68' title='bbox 924 875 995 940; x_wconf 92' lang='lat' dir='ltr'>istis,</span> 
     </span>
     <span class='ocr_line' id='line_1_11' title="bbox 196 944 996 1021; baseline 0.004 -20"><span class='ocrx_word' id='word_1_69' title='bbox 196 964 268 1019; x_wconf 89' lang='lat' dir='ltr'>quas</span> <span class='ocrx_word' id='word_1_70' title='bbox 282 947 395 1004; x_wconf 85' lang='lat' dir='ltr'>abstulit</span> <span class='ocrx_word' id='word_1_71' title='bbox 406 957 493 1015; x_wconf 87' lang='lat' dir='ltr'>aetas,</span> <span class='ocrx_word' id='word_1_72' title='bbox 510 944 666 1012; x_wconf 84' lang='lat' dir='ltr'>maturitate</span> <span class='ocrx_word' id='word_1_73' title='bbox 676 949 799 1015; x_wconf 88' lang='lat' dir='ltr'>consilii,</span> <span class='ocrx_word' id='word_1_74' title='bbox 816 949 897 1005; x_wconf 90' lang='lat' dir='ltr'>istam</span> <span class='ocrx_word' id='word_1_75' title='bbox 908 950 996 1021; x_wconf 89' lang='lat' dir='ltr'>ipsam</span> 
     </span>
     <span class='ocr_line' id='line_1_12' title="bbox 195 1022 996 1101; baseline 0.002 -24"><span class='ocrx_word' id='word_1_76' title='bbox 195 1030 286 1079; x_wconf 88' lang='lat' dir='ltr'>tamen</span> <span class='ocrx_word' id='word_1_77' title='bbox 302 1024 332 1079; x_wconf 90' lang='lat' dir='ltr'>iu</span> <span class='ocrx_word' id='word_1_78' title='bbox 346 1023 478 1079; x_wconf 81' lang='lat' dir='ltr'>domnum</span> <span class='ocrx_word' id='word_1_79' title='bbox 493 1022 531 1101; x_wconf 87' lang='lat'>[*]</span> <span class='ocrx_word' id='word_1_80' title='bbox 547 1026 700 1080; x_wconf 82' lang='lat' dir='ltr'>nutrientes</span> <span class='ocrx_word' id='word_1_81' title='bbox 715 1023 852 1097; x_wconf 82' lang='lat' dir='ltr'>adaugent</span> <span class='ocrx_word' id='word_1_82' title='bbox 866 1024 902 1079; x_wconf 88' lang='lat' dir='ltr'>ad</span> <span class='ocrx_word' id='word_1_83' title='bbox 922 1025 996 1079; x_wconf 92' lang='lat' dir='ltr'>iniu-</span> 
     </span>
     <span class='ocr_line' id='line_1_13' title="bbox 195 1098 996 1171; baseline 0.002 -19"><span class='ocrx_word' id='word_1_84' title='bbox 195 1098 251 1153; x_wconf 85' lang='lat' dir='ltr'>rias</span> <span class='ocrx_word' id='word_1_85' title='bbox 271 1107 367 1155; x_wconf 92' lang='lat' dir='ltr'>mutuo</span> <span class='ocrx_word' id='word_1_86' title='bbox 385 1098 512 1155; x_wconf 82' lang='lat' dir='ltr'>ferendas</span> <span class='ocrx_word' id='word_1_87' title='bbox 532 1102 640 1155; x_wconf 85' lang='lat' dir='ltr'>armati.</span> <span class='ocrx_word' id='word_1_88' title='bbox 684 1098 715 1154; x_wconf 90' lang='lat' dir='ltr'>Si</span> <span class='ocrx_word' id='word_1_89' title='bbox 730 1099 823 1171; x_wconf 91' lang='lat' dir='ltr'>itaque</span> <span class='ocrx_word' id='word_1_90' title='bbox 837 1116 889 1154; x_wconf 88' lang='lat' dir='ltr'>nec</span> <span class='ocrx_word' id='word_1_91' title='bbox 903 1099 938 1153; x_wconf 87' lang='lat' dir='ltr'>ad</span> <span class='ocrx_word' id='word_1_92' title='bbox 953 1118 996 1154; x_wconf 90' lang='lat' dir='ltr'>me</span> 
     </span>
     <span class='ocr_line' id='line_1_14' title="bbox 195 1174 996 1246; baseline 0.001 -18"><span class='ocrx_word' id='word_1_93' title='bbox 195 1174 374 1246; x_wconf 80' lang='lat' dir='ltr'>gratitudinis</span> <span class='ocrx_word' id='word_1_94' title='bbox 399 1174 552 1231; x_wconf 88' lang='lat' dir='ltr'>redditores</span> <span class='ocrx_word' id='word_1_95' title='bbox 575 1183 641 1231; x_wconf 86' lang='lat' dir='ltr'>sunt</span> <span class='ocrx_word' id='word_1_96' title='bbox 664 1190 754 1246; x_wconf 85' lang='lat' dir='ltr'>neque</span> <span class='ocrx_word' id='word_1_97' title='bbox 772 1174 807 1229; x_wconf 84' lang='lat' dir='ltr'>ud</span> <span class='ocrx_word' id='word_1_98' title='bbox 825 1174 996 1231; x_wconf 80' lang='lat' dir='ltr'>seinvicem</span> 
     </span>
     <span class='ocr_line' id='line_1_15' title="bbox 196 1249 997 1325; baseline 0.001 -21"><span class='ocrx_word' id='word_1_99' title='bbox 196 1251 281 1321; x_wconf 81' lang='lat' dir='ltr'>grati,</span> <span class='ocrx_word' id='word_1_100' title='bbox 298 1251 462 1325; x_wconf 77' lang='lat' dir='ltr'>gravitatem</span> <span class='ocrx_word' id='word_1_101' title='bbox 476 1250 621 1307; x_wconf 85' lang='lat' dir='ltr'>ieruntvel</span> <span class='ocrx_word' id='word_1_102' title='bbox 637 1250 708 1323; x_wconf 81' lang='lat' dir='ltr'>ipsis</span> <span class='ocrx_word' id='word_1_103' title='bbox 719 1249 876 1315; x_wconf 80' lang='lat' dir='ltr'>elementis,</span> <span class='ocrx_word' id='word_1_104' title='bbox 892 1250 922 1304; x_wconf 93' lang='lat' dir='ltr'>in</span> <span class='ocrx_word' id='word_1_105' title='bbox 932 1252 997 1323; x_wconf 89' lang='lat' dir='ltr'>qni-</span> 
     </span>
     <span class='ocr_line' id='line_1_16' title="bbox 194 1322 997 1398; baseline 0 -20"><span class='ocrx_word' id='word_1_106' title='bbox 194 1322 248 1379; x_wconf 87' lang='lat' dir='ltr'>hus</span> <span class='ocrx_word' id='word_1_107' title='bbox 268 1327 365 1381; x_wconf 85' lang='lat' dir='ltr'>insana</span> <span class='ocrx_word' id='word_1_108' title='bbox 382 1326 440 1381; x_wconf 87' lang='lat' dir='ltr'>vita</span> <span class='ocrx_word' id='word_1_109' title='bbox 459 1325 580 1382; x_wconf 86' lang='lat' dir='ltr'>aluntur.</span> <span class='ocrx_word' id='word_1_110' title='bbox 623 1324 696 1392; x_wconf 85' lang='lat' dir='ltr'>Quid</span> <span class='ocrx_word' id='word_1_111' title='bbox 715 1342 793 1398; x_wconf 82' lang='lat' dir='ltr'>ergo,</span> <span class='ocrx_word' id='word_1_112' title='bbox 814 1324 997 1397; x_wconf 83' lang='lat' dir='ltr'>opropheta‘?</span> 
     </span>
     <span class='ocr_line' id='line_1_17' title="bbox 195 1398 998 1474; baseline 0.002 -21"><span class='ocrx_word' id='word_1_113' title='bbox 195 1398 276 1465; x_wconf 82' lang='lat' dir='ltr'>Volo,</span> <span class='ocrx_word' id='word_1_114' title='bbox 296 1410 327 1455; x_wconf 87' lang='lat' dir='ltr'>ut</span> <span class='ocrx_word' id='word_1_115' title='bbox 341 1400 484 1474; x_wconf 87' lang='lat' dir='ltr'>praedices</span> <span class='ocrx_word' id='word_1_116' title='bbox 497 1400 564 1455; x_wconf 88' lang='lat' dir='ltr'>huic</span> <span class='ocrx_word' id='word_1_117' title='bbox 574 1400 681 1455; x_wconf 88' lang='lat' dir='ltr'>civitati</span> <span class='ocrx_word' id='word_1_118' title='bbox 690 1402 813 1465; x_wconf 89' lang='lat' dir='ltr'>ruinam,</span> <span class='ocrx_word' id='word_1_119' title='bbox 829 1408 861 1455; x_wconf 90' lang='lat' dir='ltr'>ut</span> <span class='ocrx_word' id='word_1_120' title='bbox 870 1400 998 1456; x_wconf 86' lang='lat' dir='ltr'>acerbior</span> 
     </span>
     <span class='ocr_line' id='line_1_18' title="bbox 194 1475 996 1550; baseline 0.004 -23"><span class='ocrx_word' id='word_1_121' title='bbox 194 1490 267 1528; x_wconf 90' lang='lat' dir='ltr'>mors</span> <span class='ocrx_word' id='word_1_122' title='bbox 282 1477 461 1547; x_wconf 86' lang='lat' dir='ltr'>superveniat</span> <span class='ocrx_word' id='word_1_123' title='bbox 475 1493 565 1550; x_wconf 88' lang='lat' dir='ltr'>neque</span> <span class='ocrx_word' id='word_1_124' title='bbox 579 1476 700 1548; x_wconf 84' lang='lat' dir='ltr'>spatium</span> <span class='ocrx_word' id='word_1_125' title='bbox 714 1475 845 1550; x_wconf 87' lang='lat' dir='ltr'>temporis</span> <span class='ocrx_word' id='word_1_126' title='bbox 859 1476 901 1531; x_wconf 88' lang='lat' dir='ltr'>eis</span> <span class='ocrx_word' id='word_1_127' title='bbox 915 1475 996 1532; x_wconf 92' lang='lat' dir='ltr'>detur</span> 
     </span>
    </p>
   </div>
   <div class='ocr_carea' id='block_1_3' title="bbox 195 1546 768 1636">
    <p class='ocr_par' dir='ltr' id='par_1_3' title="bbox 195 1546 768 1636">
     <span class='ocr_line' id='line_1_19' title="bbox 195 1546 768 1636; baseline 0.01 -35"><span class='ocrx_word' id='word_1_128' title='bbox 195 1546 229 1602; x_wconf 90' lang='lat' dir='ltr'>ad</span> <span class='ocrx_word' id='word_1_129' title='bbox 239 1548 373 1621; x_wconf 86' lang='lat' dir='ltr'>placitum</span> <span class='ocrx_word' id='word_1_130' title='bbox 382 1553 478 1608; x_wconf 85' lang='lat' dir='ltr'>vivere</span> <span class='ocrx_word' id='word_1_131' title='bbox 488 1551 643 1608; x_wconf 90' lang='lat' dir='ltr'>futurorum</span> <span class='ocrx_word' id='word_1_132' title='bbox 652 1567 712 1626; x_wconf 85' lang='lat' dir='ltr'>spo.</span> <span class='ocrx_word' id='word_1_133' title='bbox 763 1627 768 1636; x_wconf 16' lang='grc' dir='ltr'>ὁ</span> 
     </span>
    </p>
   </div>
   <div class='ocr_carea' id='block_1_4' title="bbox 191 1690 998 2065">
    <p class='ocr_par' dir='ltr' id='par_1_4' title="bbox 191 1690 998 2065">
     <span class='ocr_line' id='line_1_20' title="bbox 250 1690 995 1764; baseline 0.004 -22"><span class='ocrx_word' id='word_1_134' title='bbox 250 1691 276 1741; x_wconf 87' lang='grc'>6.</span> <span class='ocrx_word' id='word_1_135' title='bbox 301 1690 373 1744; x_wconf 90' lang='lat' dir='ltr'>Haec</span> <span class='ocrx_word' id='word_1_136' title='bbox 388 1690 437 1745; x_wconf 92' lang='lat' dir='ltr'>uhi</span> <span class='ocrx_word' id='word_1_137' title='bbox 454 1691 542 1748; x_wconf 87' lang='lat' dir='ltr'>audiit</span> <span class='ocrx_word' id='word_1_138' title='bbox 550 1690 697 1764; x_wconf 90' lang='lat' dir='ltr'>propheta,</span> <span class='ocrx_word' id='word_1_139' title='bbox 712 1691 742 1746; x_wconf 93' lang='lat' dir='ltr'>in</span> <span class='ocrx_word' id='word_1_140' title='bbox 751 1707 831 1746; x_wconf 85' lang='lat' dir='ltr'>suam</span> <span class='ocrx_word' id='word_1_141' title='bbox 840 1691 995 1763; x_wconf 83' lang='lat' dir='ltr'>respiciens</span> 
     </span>
     <span class='ocr_line' id='line_1_21' title="bbox 194 1764 997 1839; baseline 0.007 -24"><span class='ocrx_word' id='word_1_142' title='bbox 194 1771 288 1828; x_wconf 87' lang='lat' dir='ltr'>artem,</span> <span class='ocrx_word' id='word_1_143' title='bbox 303 1764 477 1836; x_wconf 89' lang='lat' dir='ltr'>prophetiam</span> <span class='ocrx_word' id='word_1_144' title='bbox 487 1785 595 1839; x_wconf 89' lang='lat' dir='ltr'>nempe,</span> <span class='ocrx_word' id='word_1_145' title='bbox 607 1766 679 1823; x_wconf 84' lang='lat' dir='ltr'>vidit</span> <span class='ocrx_word' id='word_1_146' title='bbox 688 1766 829 1822; x_wconf 80' lang='lat' dir='ltr'>civitatem</span> <span class='ocrx_word' id='word_1_147' title='bbox 839 1767 922 1821; x_wconf 85' lang='lat' dir='ltr'>etiam</span> <span class='ocrx_word' id='word_1_148' title='bbox 932 1776 997 1839; x_wconf 85' lang='lat' dir='ltr'>post</span> 
     </span>
     <span class='ocr_line' id='line_1_22' title="bbox 192 1837 997 1917; baseline 0.007 -27"><span class='ocrx_word' id='word_1_149' title='bbox 192 1837 425 1909; x_wconf 86' lang='lat' dir='ltr'>praedicationem</span> <span class='ocrx_word' id='word_1_150' title='bbox 435 1857 513 1896; x_wconf 85' lang='lat' dir='ltr'>suam</span> <span class='ocrx_word' id='word_1_151' title='bbox 524 1843 701 1898; x_wconf 85' lang='lat' dir='ltr'>incolumem.</span> <span class='ocrx_word' id='word_1_152' title='bbox 737 1841 827 1913; x_wconf 78' lang='lat' dir='ltr'>Atque</span> <span class='ocrx_word' id='word_1_153' title='bbox 836 1842 918 1917; x_wconf 86' lang='lat' dir='ltr'>quasi</span> <span class='ocrx_word' id='word_1_154' title='bbox 927 1858 997 1896; x_wconf 83' lang='lat' dir='ltr'>vero</span> 
     </span>
     <span class='ocr_line' id='line_1_23' title="bbox 192 1912 998 1988; baseline 0.007 -22"><span class='ocrx_word' id='word_1_155' title='bbox 192 1928 247 1967; x_wconf 90' lang='lat' dir='ltr'>non</span> <span class='ocrx_word' id='word_1_156' title='bbox 267 1912 312 1968; x_wconf 95' lang='lat' dir='ltr'>dei</span> <span class='ocrx_word' id='word_1_157' title='bbox 326 1913 452 1970; x_wconf 89' lang='lat' dir='ltr'>minister</span> <span class='ocrx_word' id='word_1_158' title='bbox 466 1919 615 1982; x_wconf 87' lang='lat' dir='ltr'>exstiterit,</span> <span class='ocrx_word' id='word_1_159' title='bbox 638 1916 688 1972; x_wconf 84' lang='lat' dir='ltr'>sed</span> <span class='ocrx_word' id='word_1_160' title='bbox 701 1933 752 1988; x_wconf 91' lang='lat' dir='ltr'>per</span> <span class='ocrx_word' id='word_1_161' title='bbox 764 1934 795 1972; x_wconf 87' lang='lat' dir='ltr'>se</span> <span class='ocrx_word' id='word_1_162' title='bbox 808 1925 915 1970; x_wconf 84' lang='lat' dir='ltr'>tantum</span> <span class='ocrx_word' id='word_1_163' title='bbox 928 1933 998 1988; x_wconf 91' lang='lat' dir='ltr'>pro·</span> 
     </span>
     <span class='ocr_line' id='line_1_24' title="bbox 191 1987 996 2065; baseline 0.006 -24"><span class='ocrx_word' id='word_1_164' title='bbox 191 1987 315 2058; x_wconf 84' lang='lat' dir='ltr'>phetinm</span> <span class='ocrx_word' id='word_1_165' title='bbox 330 1993 479 2062; x_wconf 84' lang='lat' dir='ltr'>acceperit,</span> <span class='ocrx_word' id='word_1_166' title='bbox 490 1991 621 2065; x_wconf 74' lang='lat' dir='ltr'>&#39;iugit&#39;de</span> <span class='ocrx_word' id='word_1_167' title='bbox 636 1992 760 2055; x_wconf 84' lang='lat' dir='ltr'>civitate,</span> <span class='ocrx_word' id='word_1_168' title='bbox 781 1992 887 2062; x_wconf 88' lang='lat' dir='ltr'>quoire</span> <span class='ocrx_word' id='word_1_169' title='bbox 897 1993 996 2046; x_wconf 85' lang='lat' dir='ltr'>iussus</span> 
     </span>
    </p>
   </div>
   <div class='ocr_carea' id='block_1_5' title="bbox 101 2061 998 2139">
    <p class='ocr_par' dir='ltr' id='par_1_5' title="bbox 101 2061 998 2139">
     <span class='ocr_line' id='line_1_25' title="bbox 101 2061 998 2139; baseline 0.008 -24"><span class='ocrx_word' id='word_1_170' title='bbox 101 2093 103 2096; x_wconf 94' lang='lat'>-</span> <span class='ocrx_word' id='word_1_171' title='bbox 193 2061 259 2118; x_wconf 82' lang='lat' dir='ltr'>fuit:</span> <span class='ocrx_word' id='word_1_172' title='bbox 286 2067 367 2136; x_wconf 83' lang='lat' dir='ltr'>quasi</span> <span class='ocrx_word' id='word_1_173' title='bbox 378 2083 426 2138; x_wconf 88' lang='lat' dir='ltr'>per</span> <span class='ocrx_word' id='word_1_174' title='bbox 437 2067 577 2122; x_wconf 87' lang='lat' dir='ltr'>levitatem</span> <span class='ocrx_word' id='word_1_175' title='bbox 586 2066 726 2139; x_wconf 79' lang='lat' dir='ltr'>putaret*)</span> <span class='ocrx_word' id='word_1_176' title='bbox 734 2083 765 2121; x_wconf 87' lang='lat' dir='ltr'>se</span> <span class='ocrx_word' id='word_1_177' title='bbox 775 2065 871 2138; x_wconf 82' lang='lat' dir='ltr'>ingere</span> <span class='ocrx_word' id='word_1_178' title='bbox 881 2066 917 2121; x_wconf 91' lang='lat' dir='ltr'>ab</span> <span class='ocrx_word' id='word_1_179' title='bbox 925 2069 998 2122; x_wconf 91' lang='lat' dir='ltr'>uni-</span> 
     </span>
    </p>
   </div>
   <div class='ocr_carea' id='block_1_6' title="bbox 190 2140 999 2515">
    <p class='ocr_par' dir='ltr' id='par_1_6' title="bbox 190 2140 999 2515">
     <span class='ocr_line' id='line_1_26' title="bbox 191 2140 997 2196; baseline 0.006 -5"><span class='ocrx_word' id='word_1_180' title='bbox 191 2153 334 2195; x_wconf 83' lang='lat' dir='ltr'>versorum</span> <span class='ocrx_word' id='word_1_181' title='bbox 351 2140 500 2196; x_wconf 89' lang='lat' dir='ltr'>conditore.</span> <span class='ocrx_word' id='word_1_182' title='bbox 539 2142 666 2196; x_wconf 85' lang='lat' dir='ltr'>Provisor</span> <span class='ocrx_word' id='word_1_183' title='bbox 679 2157 744 2195; x_wconf 91' lang='lat' dir='ltr'>vero</span> <span class='ocrx_word' id='word_1_184' title='bbox 759 2141 955 2196; x_wconf 86' lang='lat' dir='ltr'>universorum</span> <span class='ocrx_word' id='word_1_185' title='bbox 965 2143 997 2196; x_wconf 89' lang='lat' dir='ltr'>in</span> 
     </span>
     <span class='ocr_line' id='line_1_27' title="bbox 192 2215 999 2288; baseline 0.006 -21"><span class='ocrx_word' id='word_1_186' title='bbox 192 2229 270 2277; x_wconf 90' lang='lat' dir='ltr'>eum,</span> <span class='ocrx_word' id='word_1_187' title='bbox 285 2217 336 2288; x_wconf 91' lang='lat' dir='ltr'>qui</span> <span class='ocrx_word' id='word_1_188' title='bbox 344 2217 458 2288; x_wconf 87' lang='lat' dir='ltr'>putabat</span> <span class='ocrx_word' id='word_1_189' title='bbox 468 2215 565 2288; x_wconf 81' lang='lat' dir='ltr'>iugero</span> <span class='ocrx_word' id='word_1_190' title='bbox 575 2233 591 2270; x_wconf 88' lang='lat' dir='ltr'>a</span> <span class='ocrx_word' id='word_1_191' title='bbox 600 2215 661 2280; x_wconf 91' lang='lat' dir='ltr'>deo,</span> <span class='ocrx_word' id='word_1_192' title='bbox 674 2215 712 2270; x_wconf 81' lang='lat' dir='ltr'>ita</span> <span class='ocrx_word' id='word_1_193' title='bbox 720 2224 848 2287; x_wconf 84' lang='lat' dir='ltr'>operatus</span> <span class='ocrx_word' id='word_1_194' title='bbox 857 2223 913 2282; x_wconf 86' lang='lat' dir='ltr'>est,</span> <span class='ocrx_word' id='word_1_195' title='bbox 925 2225 961 2272; x_wconf 86' lang='lat' dir='ltr'>ut</span> <span class='ocrx_word' id='word_1_196' title='bbox 970 2227 999 2272; x_wconf 82' lang='lat' dir='ltr'>et</span> 
     </span>
     <span class='ocr_line' id='line_1_28' title="bbox 190 2289 998 2364; baseline 0.005 -22"><span class='ocrx_word' id='word_1_197' title='bbox 190 2289 354 2361; x_wconf 90' lang='lat' dir='ltr'>prophetam</span> <span class='ocrx_word' id='word_1_198' title='bbox 367 2291 550 2364; x_wconf 87' lang='lat' dir='ltr'>reprehendat</span> <span class='ocrx_word' id='word_1_199' title='bbox 564 2297 595 2345; x_wconf 78' lang='lat' dir='ltr'>et&#39;</span> <span class='ocrx_word' id='word_1_200' title='bbox 603 2290 743 2362; x_wconf 87' lang='lat' dir='ltr'>propriam</span> <span class='ocrx_word' id='word_1_201' title='bbox 757 2291 888 2346; x_wconf 82' lang='lat' dir='ltr'>virtutem</span> <span class='ocrx_word' id='word_1_202' title='bbox 897 2297 998 2346; x_wconf 83' lang='lat' dir='ltr'>osten·</span> 
     </span>
     <span class='ocr_line' id='line_1_29' title="bbox 190 2362 999 2440; baseline 0.006 -24"><span class='ocrx_word' id='word_1_203' title='bbox 190 2362 237 2418; x_wconf 88' lang='lat' dir='ltr'>dat</span> <span class='ocrx_word' id='word_1_204' title='bbox 252 2374 334 2438; x_wconf 87' lang='lat' dir='ltr'>atque</span> <span class='ocrx_word' id='word_1_205' title='bbox 353 2367 459 2422; x_wconf 87' lang='lat' dir='ltr'>civitati</span> <span class='ocrx_word' id='word_1_206' title='bbox 477 2365 710 2440; x_wconf 84' lang='lat' dir='ltr'>praedicationem</span> <span class='ocrx_word' id='word_1_207' title='bbox 728 2363 911 2420; x_wconf 82' lang='lat' dir='ltr'>efficaciorem</span> <span class='ocrx_word' id='word_1_208' title='bbox 930 2366 999 2421; x_wconf 80' lang='lat' dir='ltr'>effi-</span> 
     </span>
     <span class='ocr_line' id='line_1_30' title="bbox 191 2437 995 2515; baseline 0.012 -27"><span class='ocrx_word' id='word_1_209' title='bbox 191 2437 258 2494; x_wconf 86' lang='lat' dir='ltr'>ciat:</span> <span class='ocrx_word' id='word_1_210' title='bbox 290 2449 320 2494; x_wconf 87' lang='lat' dir='ltr'>ut</span> <span class='ocrx_word' id='word_1_211' title='bbox 334 2442 447 2506; x_wconf 80' lang='lat' dir='ltr'>civitas,</span> <span class='ocrx_word' id='word_1_212' title='bbox 471 2441 517 2496; x_wconf 88' lang='lat' dir='ltr'>cui</span> <span class='ocrx_word' id='word_1_213' title='bbox 535 2441 731 2512; x_wconf 82' lang='lat' dir='ltr'>praenunciata</span> <span class='ocrx_word' id='word_1_214' title='bbox 751 2439 805 2499; x_wconf 83' lang='lat' dir='ltr'>fuit</span> <span class='ocrx_word' id='word_1_215' title='bbox 823 2439 995 2515; x_wconf 85' lang='lat' dir='ltr'>deperditio,</span> 
     </span>
    </p>
   </div>
   <div class='ocr_carea' id='block_1_7' title="bbox 189 2551 998 2677">
    <p class='ocr_par' dir='ltr' id='par_1_7' title="bbox 189 2551 998 2677">
     <span class='ocr_line' id='line_1_31' title="bbox 192 2551 996 2632; baseline 0.009 -18"><span class='ocrx_word' id='word_1_216' title='bbox 192 2563 195 2570; x_wconf 73' lang='lat'>‘</span> <span class='ocrx_word' id='word_1_217' title='bbox 225 2577 261 2632; x_wconf 79' lang='lat'>.*)</span> <span class='ocrx_word' id='word_1_218' title='bbox 274 2577 309 2616; x_wconf 78' lang='lat' dir='ltr'>nn</span> <span class='ocrx_word' id='word_1_219' title='bbox 321 2581 422 2619; x_wconf 68' lang='lat' dir='ltr'>vernum:</span> <span class='ocrx_word' id='word_1_220' title='bbox 444 2582 464 2618; x_wconf 72' lang='lat' dir='ltr'>ee</span> <span class='ocrx_word' id='word_1_221' title='bbox 476 2580 540 2618; x_wconf 68' lang='lat' dir='ltr'>rerem</span> <span class='ocrx_word' id='word_1_222' title='bbox 552 2551 598 2620; x_wconf 62' lang='grc' dir='ltr'>ἰω</span> <span class='ocrx_word' id='word_1_223' title='bbox 609 2581 676 2629; x_wconf 65' lang='lat' dir='ltr'>prm</span> <span class='ocrx_word' id='word_1_224' title='bbox 690 2583 714 2619; x_wconf 75' lang='lat' dir='ltr'>or</span> <span class='ocrx_word' id='word_1_225' title='bbox 725 2583 813 2629; x_wconf 74' lang='lat' dir='ltr'>puram</span> <span class='ocrx_word' id='word_1_226' title='bbox 829 2585 871 2620; x_wconf 75' lang='lat' dir='ltr'>ete.</span> <span class='ocrx_word' id='word_1_227' title='bbox 896 2581 996 2621; x_wconf 71' lang='lat' dir='ltr'>ronan:</span> 
     </span>
     <span class='ocr_line' id='line_1_32' title="bbox 189 2623 998 2677; baseline 0.015 -17"><span class='ocrx_word' id='word_1_228' title='bbox 189 2623 261 2662; x_wconf 69' lang='lat' dir='ltr'>kartas</span> <span class='ocrx_word' id='word_1_229' title='bbox 275 2637 293 2664; x_wconf 82' lang='lat' dir='ltr'>a.</span> <span class='ocrx_word' id='word_1_230' title='bbox 307 2629 460 2674; x_wconf 63' lang='lat' dir='ltr'>insonuerat:</span> <span class='ocrx_word' id='word_1_231' title='bbox 482 2631 694 2677; x_wconf 70' lang='lat' dir='ltr'>autlnterrogrtirer</span> <span class='ocrx_word' id='word_1_232' title='bbox 717 2631 925 2673; x_wconf 57' lang='lat' dir='ltr'>mutuamini</span> <span class='ocrx_word' id='word_1_233' title='bbox 945 2633 998 2672; x_wconf 81' lang='lat' dir='ltr'>Pri·</span> 
     </span>
    </p>
   </div>
   <div class='ocr_carea' id='block_1_8' title="bbox 188 2678 996 2772">
    <p class='ocr_par' dir='ltr' id='par_1_8' title="bbox 188 2678 996 2772">
     <span class='ocr_line' id='line_1_33' title="bbox 189 2678 996 2731; baseline 0.035 -26"><span class='ocrx_word' id='word_1_234' title='bbox 189 2679 247 2708; x_wconf 87' lang='lat' dir='ltr'>mum</span> <span class='ocrx_word' id='word_1_235' title='bbox 261 2678 338 2714; x_wconf 72' lang='lat' dir='ltr'>urent</span> <span class='ocrx_word' id='word_1_236' title='bbox 351 2678 421 2718; x_wconf 76' lang='lat' dir='ltr'>diora.</span> <span class='ocrx_word' id='word_1_237' title='bbox 435 2679 521 2718; x_wconf 73' lang='lat' dir='ltr'>dicens:</span> <span class='ocrx_word' id='word_1_238' title='bbox 543 2679 684 2728; x_wconf 65' lang='lat' dir='ltr'>„ignoraus</span> <span class='ocrx_word' id='word_1_239' title='bbox 697 2680 739 2723; x_wconf 74' lang='lat' dir='ltr'>hoe</span> <span class='ocrx_word' id='word_1_240' title='bbox 751 2681 845 2723; x_wconf 73' lang='lat' dir='ltr'>homnis</span> <span class='ocrx_word' id='word_1_241' title='bbox 857 2686 900 2730; x_wconf 76' lang='lat' dir='ltr'>eat,</span> <span class='ocrx_word' id='word_1_242' title='bbox 913 2687 996 2731; x_wconf 61' lang='lat' dir='ltr'>imm·</span> 
     </span>
     <span class='ocr_line' id='line_1_34' title="bbox 188 2721 508 2772; baseline 0.034 -16"><span class='ocrx_word' id='word_1_243' title='bbox 188 2726 211 2756; x_wconf 71' lang='lat' dir='ltr'>ae</span> <span class='ocrx_word' id='word_1_244' title='bbox 225 2730 238 2756; x_wconf 82' lang='lat' dir='ltr'>a</span> <span class='ocrx_word' id='word_1_245' title='bbox 251 2721 290 2760; x_wconf 81' lang='lat' dir='ltr'>deo</span> <span class='ocrx_word' id='word_1_246' title='bbox 304 2724 403 2772; x_wconf 66' lang='lat' dir='ltr'>iucem*</span> <span class='ocrx_word' id='word_1_247' title='bbox 429 2727 508 2766; x_wconf 77' lang='lat' dir='ltr'>Auch.</span> 
     </span>
    </p>
   </div>
   <div class='ocr_carea' id='block_1_9' title="bbox 0 0 1030 3100">
    <p class='ocr_par' dir='ltr' id='par_1_9' title="bbox 0 0 1030 3100">
     <span class='ocr_line' id='line_1_35' title="bbox 0 0 1030 3100; baseline 0 2"><span class='ocrx_word' id='word_1_248' title='bbox 0 0 1030 3100; x_wconf 95' lang='lat' dir='ltr'> </span> 
     </span>
    </p>
   </div>
  </div>
 </body>
</html>
