2050 3100
111 247 120 262 ,
179 187 225 241 ltl
399 189 584 236 rumonus
607 187 744 236 runem
882 184 981 252 [aaut
1006 184 1007 211 ³

234 295 276 350 82.
298 289 416 347 Gravius
430 290 535 361 quippe
550 297 697 362 eatputare
708 288 902 345 callidissima
914 291 982 345 irau-

176 367 301 424 dulentia
311 373 337 421 et
347 363 589 438 superabundante
600 363 721 435 quadem
730 364 877 434 sapientia
886 367 931 420 uti
940 366 981 418 be

177 444 255 499 atlas.
287 440 341 507 Qui
351 441 426 495 enirn
436 439 480 493 bis
490 440 642 512 sapientiae
651 438 852 494 concedendae
862 441 979 496 testime

177 519 256 572 nium
269 514 429 587 perhibent,
454 514 509 584 ipsi
524 521 597 568 certe
611 529 665 568 non
679 521 782 567 norunt
796 530 829 566 ee
847 515 935 585 plane
949 510 976 587 Γ]

176 591 249 647 nibil
260 590 341 643 scire.
378 589 447 641 Nam
458 589 509 641 etsi
519 587 599 642 detur
608 589 638 642 in
648 588 710 642 istis
719 589 873 660 perceptio
884 590 977 659 aliqua,

176 665 292 719 obscura
307 669 398 716 tamen
412 669 439 716 et
457 662 564 717 insulsa
581 669 636 726 est,
663 662 738 716 leves
752 663 855 717 animo
869 663 978 719 faciliter

176 739 300 803 irritans3
320 735 452 806 quoniam
463 737 520 801 eis,
536 738 586 808 qui
596 736 687 791 adbuc
696 736 861 792 iuvenilem
872 747 977 793 aetatem

177 818 275 884 agunt,
294 810 503 880 oemprebensio
520 812 651 866 scientiae
665 811 743 866 velut
760 813 868 881 pueris
884 815 977 867 incerta

176 894 218 941 est
228 902 259 940 ac
269 886 441 951 inconstans,
463 903 519 942 non
533 887 570 942 ita
580 885 710 958 perlectis
719 886 749 938 in
759 885 855 942 verbo
867 896 897 943 et
907 885 977 942 intel

176 960 259 1016 lectu.

233 1051 276 1104 83.
305 1045 385 1114 Quod
403 1048 428 1102 si
446 1046 603 1120 Aristogcni
623 1064 710 1120 equus
728 1045 839 1101 illaesis
864 1049 976 1122 pedibus

177 1122 363 1187 claudicabat,
384 1139 437 1176 non
451 1121 620 1194 decipiebat,
641 1122 721 1194 quasi
739 1121 853 1194 lingens
871 1124 977 1180 frandu-

177 1197 264 1256 lenter
278 1196 452 1268 -deceptio
467 1198 541 1251 enim
555 1197 696 1252 rationalis
711 1205 818 1262 est—,
847 1199 905 1254 aed
921 1199 976 1270 qnia
1006 1232 1007 1235 =

176 1271 300 1329 fortassis
312 1280 388 1326 antea
399 1271 505 1326 dolores
519 1272 549 1326 in
563 1271 682 1346 pedibus
696 1279 835 1336 senserat,
861 1275 977 1345 quietem

177 1349 319 1421 acquirere
337 1345 542 1402 recordabatur.
579 1346 765 1418 Aequanum
784 1349 928 1418 temporis
940 1365 976 1401 es·

177 1431 232 1488 set,
245 1440 281 1478 en
289 1438 344 1494 quo
353 1420 441 1493 quieti
451 1438 481 1476 se
491 1419 604 1476 dederat
614 1438 645 1476 ac
654 1423 722 1486 otio,
737 1418 895 1476 obscurum
907 1432 948 1477 est
955 1429 976 1474 et

175 1497 327 1566 incertnm3
351 1513 415 1551 nam
425 1504 451 1551 et
461 1497 490 1551 in
500 1495 558 1551 illis
567 1513 619 1569 per
628 1494 739 1570 aliquod
749 1504 865 1567 tempus
876 1505 976 1553 tantum

175 1574 307 1626 memoria
316 1586 408 1626 rerum
419 1580 553 1627 servatur.

230 1664 273 1718 sl.
293 1662 493 1719 Proscribenda
502 1672 529 1718 et
537 1662 631 1734 opinio
641 1678 748 1726 eorum,
759 1662 810 1732 qui
819 1677 923 1719 canem
933 1680 977 1717 re·

177 1737 298 1790 naticum
318 1736 420 1791 bestias
444 1746 654 1809 persequentem
677 1745 859 1792 autumarunt
883 1740 977 1808 quinto

177 1810 330 1882 argumenti
340 1810 421 1866 modo
430 1814 482 1867 uti.
519 1812 596 1868 ldem
610 1810 757 1866 dicendum
771 1810 808 1865 de
820 1810 977 1867 collectori·

175 1884 228 1939 bus
248 1884 453 1956 conchyliorum
478 1886 568 1959 deque
591 1885 785 1958 quaerentibus
807 1886 974 1958 quicquam,

176 1958 280 2013 indicia
290 1960 363 2013 enim
374 1975 465 2015 rerum
478 1971 627 2035 sequentur
637 1968 798 2033 apparenter
812 1959 870 2016 sub
884 1962 976 2032 speeie
1004 1981 1005 1996 ¹

176 2033 333 2098 dialectico,
355 2044 544 2090 verumtamen
564 2054 615 2090 nec
633 2053 682 2107 per
701 2034 839 2089 somnium
861 2036 976 2106 quidem
1004 2037 1005 2040 ’

176 2108 417 2183 philosophentur:
443 2110 566 2181 alioquin
579 2109 730 2165 dicendum
747 2115 820 2163 esset
833 2108 872 2164 de
886 2112 977 2164 omni-

176 2184 229 2239 bus
239 2182 345 2255 aliquid
360 2185 571 2254 quaerentibus,
593 2184 667 2257 quod
681 2185 810 2255 quintum
823 2182 909 2238 illum
918 2202 977 2238 mc
1004 2225 1005 2232 ,

176 2258 244 2313 dum
254 2267 396 2330 usurpent.
426 2258 568 2314 Caeterum
577 2276 612 2314 ex
622 2259 685 2314 aliis
693 2258 823 2322 observa,
838 2258 921 2329 quod
931 2260 975 2312 isti
1004 2271 1006 2386 q

176 2341 203 2388 et
213 2334 281 2388 tales
292 2332 416 2388 feruntur
426 2334 455 2389 in
466 2334 638 2407 negationem
648 2332 791 2405 pravitatis
799 2348 885 2396 suae,
900 2335 974 2388 soliti

175 2415 334 2477 praetexere
351 2424 503 2463 sermonem
526 2407 589 2463 luco
608 2416 636 2463 et
656 2406 807 2479 sophistice
827 2405 866 2461 de
891 2408 974 2462 rebus

176 2496 256 2551 agere
270 2482 375 2553 potius,
395 2498 477 2553 quam
488 2498 599 2547 verum,
618 2488 703 2537 utres
712 2498 743 2552 ea
752 2480 848 2544 babet,
866 2484 974 2537 exami-

174 2568 249 2605 nare.

230 2628 272 2678 85.
284 2627 339 2680 Nos
349 2629 423 2682 enim
433 2628 561 2692 dicimus,
571 2630 648 2701 qnod
657 2646 693 2683 ex
703 2627 867 2683 decentibus
877 2628 976 2684 bonis·
1003 2639 1004 2698 ζ

172 2698 296 2761 quesibi
310 2703 538 2759 convenientibus
552 2703 703 2775 multisque
712 2703 796 2759 rebus
808 2703 977 2759 iuvantibus
1003 2747 1004 2788 q
