2050 3100
175 166 224 220 376
291 173 390 219 emt..
408 170 483 217 IUD.
501 170 662 229 Quanta.
681 170 731 217 ΕΤ
750 170 827 216 SOL.
850 164 897 232 [11,
912 168 980 235 532.]

175 276 247 329 sicut
270 274 353 329 etiam
378 279 472 345 operta
497 272 630 333 incertam
658 270 761 331 hahent
787 272 982 342 comprehen-

173 350 290 403 sionem.
328 349 384 402 lloc
403 347 472 402 torte
485 347 546 402 inre
557 348 723 418 meritoque:
744 346 981 418 quandoquidem

174 440 254 482 omne
273 422 406 483 sensibile
418 439 469 495 per
480 438 594 479 sensum
608 422 795 495 probationem
808 418 843 493 (s.
857 426 982 495 experi-

174 497 307 570 mentum)
321 497 416 561 habet.
436 514 536 553 sensus
545 504 636 555 autem
645 497 802 561 inconstans
812 494 905 555 falsae
916 500 983 569 opi-

174 573 251 630 nioni
264 579 395 645 cognatus
409 581 463 636 est,
483 568 663 647 intelligibile
676 588 741 627 vero
755 569 899 641 consiliis;
936 574 983 628 in·

174 648 299 703 tellectus
313 649 388 701 enim
404 644 561 707 infallibilis
576 654 617 701 est
631 654 658 713 et
667 644 865 721 intelligentiae
879 664 984 703 aman-

174 722 308 780 tissimus.

205 861 285 919 Qaarc
294 880 365 929 super
373 863 475 927 quinqua
483 861 678 927 columnaeponit
686 860 821 927 opertoria?
829 858 887 925 (26,
895 864 957 923 37.)

231 981 274 1035 9'l.
283 980 402 1053 'Optima
417 989 596 1052 accurateque
605 979 726 1035 secundo
735 980 912 1052 operimento
923 982 984 1037 dis-

176 1056 274 1112 tribuit
292 1062 509 1127 quinqoencrium
526 1054 704 1129 (numerum),
734 1056 769 1111 ob
788 1056 984 1127 inspectionem

177 1133 255 1188 illius
273 1133 394 1204 regionis
414 1131 449 1187 ad
469 1130 631 1185 sensibilem
650 1130 810 1198 essentiam
839 1133 983 1199 quoniam

177 1209 395 1279 quinquenarius
410 1223 540 1261 numerus
554 1222 653 1260 sensus
668 1215 718 1260 est.
757 1204 843 1259 Priori
858 1221 936 1261 vero
954 1226 984 1263 ac

177 1282 301 1339 interiori
319 1281 391 1356 (velo
410 1279 544 1354 concedit)
563 1282 783 1352 quaternionem,
808 1279 882 1333 siout
905 1282 982 1345 dixi,

177 1359 244 1429 quia
261 1359 291 1411 in
310 1357 469 1429 incorporea
488 1357 669 1429 propinquat:
705 1356 860 1427 incorporea
885 1360 984 1413 antem

177 1432 315 1504 usquead
329 1433 536 1503 quaternionem
550 1430 695 1487 deliniunt.

297 1587 378 1646 Quae-e
394 1590 473 1639 altore
490 1600 560 1640 accat
576 1590 722 1652 „arcum
745 1588 798 1652 (tl,
816 1585 854 1651 4·)

234 1693 277 1745 98.
303 1689 366 1746 Sola
383 1690 452 1745 baec
470 1707 521 1746 arc
539 1707 593 1745 non
613 1691 749 1746 consumit
763 1689 907 1755 victimas,
930 1693 983 1748 sed

178 1772 281 1832 servat;
315 1765 382 1835 quia
401 1781 463 1820 caro
481 1767 652 1820 consumitur
665 1766 744 1838 igne,
765 1763 897 1820 sanctitas
914 1783 983 1822 vero

178 1839 307 1895 sacrificii
325 1847 479 1910 permanet:
510 1841 641 1911 quoniam
660 1838 826 1894 sacrificium
843 1855 900 1894 non
916 1857 982 1896 caro

178 1923 232 1981 cst,
252 1913 302 1969 sed
318 1915 405 1969 saneti
417 1931 487 1986 pura
500 1915 729 1986 immaculataque
742 1915 808 1968 vita.

181 2088 229 2140 Cur
245 2089 347 2153 „ultan
365 2081 567 2156 quamnquam,
590 2106 619 2140 ex
636 2089 737 2154 quinque
754 2089 837 2139 cubitale
856 2088 980 2156 louyitodo

304 2157 364 2218 eius,
383 2174 457 2222 eaque
470 2159 571 2224 paribus
589 2155 728 2206 baiaado‘u
746 2159 799 2222 φῖ,
813 2157 848 2216 l.)
1022 2193 1023 2198 ,

234 2263 277 2316 99.
289 2258 423 2327 Quoniam
432 2276 482 2331 pro
491 2258 673 2320 sensibilibus
685 2258 905 2330 sanguineisque
913 2276 980 2314 con-
1022 2251 1023 2310 l

179 2336 309 2404 struitur;
338 2334 481 2391 sensibilis
496 2343 586 2394 autem
600 2331 635 2408 [*]
648 2333 834 2406 generationis
843 2351 979 2395 numerus
1022 2375 1023 2400 q

179 2412 397 2480 quinquenarius
411 2417 466 2472 est,
486 2417 518 2466 ut
531 2408 602 2463 dixi.
645 2407 771 2462 Secundo
791 2409 979 2478 renarrantem
1022 2407 1023 2480 q

180 2487 389 2554 latitudinemque
396 2485 530 2550 aequalem
540 2481 636 2545 habet,
657 2483 721 2552 quia
737 2498 833 2539 omnes
848 2484 977 2554 uictimas
1022 2487 1023 2556 ἦ

179 2558 375 2616 sacrificiorum
384 2555 782 2618 oblatorumeseordementis
797 2557 854 2628 pii,
873 2574 978 2630 aequa·
1022 2557 1023 2616 i

181 2629 221 2682 les
235 2647 295 2685 esse
308 2637 425 2702 oportet,
446 2637 500 2682 tam
516 2631 539 2683 si
550 2631 718 2685 centenarios
729 2638 820 2685 muros
830 2630 975 2694 obtulerit,

180 2706 305 2770 quamsi
323 2705 426 2759 frixum
446 2701 604 2758 adduxerit:
635 2704 784 2758 nonenim
802 2704 978 2776 opulentiam
1022 2747 1023 2750 ,
