<?xml version="1.0" encoding="UTF-8"?>
<!DOCTYPE html PUBLIC "-//W3C//DTD XHTML 1.0 Transitional//EN"
    "http://www.w3.org/TR/xhtml1/DTD/xhtml1-transitional.dtd">
<html xmlns="http://www.w3.org/1999/xhtml" xml:lang="en" lang="en">
 <head>
  <title>
</title>
<meta http-equiv="Content-Type" content="text/html;charset=utf-8" />
  <meta name='ocr-system' content='tesseract 3.04.00' />
  <meta name='ocr-capabilities' content='ocr_page ocr_carea ocr_par ocr_line ocrx_word'/>
</head>
<body>
  <div class='ocr_page' id='page_1' title='image "./operaomniaadlib02philgoog/operaomniaadlib02philgoog_0059.png"; bbox 0 0 2050 3100; ppageno 0'>
   <div class='ocr_carea' id='block_1_1' title="bbox 135 156 1019 345">
    <p class='ocr_par' dir='ltr' id='par_1_1' title="bbox 135 156 1019 345">
     <span class='ocr_line' id='line_1_1' title="bbox 138 156 1019 236; baseline -0.012 -13"><span class='ocrx_word' id='word_1_1' title='bbox 138 171 170 223; x_wconf 76' lang='lat' dir='ltr'><strong>to</strong></span> <span class='ocrx_word' id='word_1_2' title='bbox 200 175 300 220; x_wconf 78' lang='lat' dir='ltr'><strong>rura.</strong></span> <span class='ocrx_word' id='word_1_3' title='bbox 319 172 397 218; x_wconf 82' lang='lat' dir='ltr'><strong>run.</strong></span> <span class='ocrx_word' id='word_1_4' title='bbox 418 169 583 229; x_wconf 69' lang='lat' dir='ltr'><strong>Quanam</strong></span> <span class='ocrx_word' id='word_1_5' title='bbox 604 163 655 216; x_wconf 69' lang='grc' dir='ltr'><strong>ιιι</strong></span> <span class='ocrx_word' id='word_1_6' title='bbox 675 167 754 214; x_wconf 79' lang='lat' dir='ltr'><strong>son.</strong></span> <span class='ocrx_word' id='word_1_7' title='bbox 770 156 954 236; x_wconf 70' lang='lat' dir='ltr'><strong>[ranam]</strong></span> <span class='ocrx_word' id='word_1_8' title='bbox 1014 159 1019 202; x_wconf 81' lang='lat'><strong>.:</strong></span> 
     </span>
     <span class='ocr_line' id='line_1_2' title="bbox 135 267 1019 345; baseline -0.009 -15"><span class='ocrx_word' id='word_1_9' title='bbox 135 273 229 337; x_wconf 80' lang='lat' dir='ltr'><strong>floreo,</strong></span> <span class='ocrx_word' id='word_1_10' title='bbox 242 291 296 328; x_wconf 91' lang='lat' dir='ltr'><strong>non</strong></span> <span class='ocrx_word' id='word_1_11' title='bbox 307 272 450 336; x_wconf 83' lang='lat' dir='ltr'><strong>advitam,</strong></span> <span class='ocrx_word' id='word_1_12' title='bbox 467 271 517 326; x_wconf 86' lang='lat' dir='ltr'><strong>sed</strong></span> <span class='ocrx_word' id='word_1_13' title='bbox 528 271 563 326; x_wconf 91' lang='lat' dir='ltr'><strong>ad</strong></span> <span class='ocrx_word' id='word_1_14' title='bbox 576 267 612 345; x_wconf 69' lang='lat'><strong>[⁴⁶]</strong></span> <span class='ocrx_word' id='word_1_15' title='bbox 625 277 751 326; x_wconf 86' lang='lat' dir='ltr'><strong>mortem.</strong></span> <span class='ocrx_word' id='word_1_16' title='bbox 791 268 880 325; x_wconf 86' lang='lat' dir='ltr'><strong>Cuius</strong></span> <span class='ocrx_word' id='word_1_17' title='bbox 892 285 954 324; x_wconf 87' lang='lat' dir='ltr'><strong>au·</strong></span> <span class='ocrx_word' id='word_1_18' title='bbox 1018 305 1019 340; x_wconf 34' lang='grc' dir='ltr'>ι</span> 
     </span>
    </p>
   </div>
   <div class='ocr_carea' id='block_1_2' title="bbox 136 343 1019 420">
    <p class='ocr_par' dir='ltr' id='par_1_2' title="bbox 136 343 1019 420">
     <span class='ocr_line' id='line_1_3' title="bbox 136 343 1019 420; baseline -0.007 -15"><span class='ocrx_word' id='word_1_19' title='bbox 136 360 192 406; x_wconf 87' lang='lat' dir='ltr'><strong>tem</strong></span> <span class='ocrx_word' id='word_1_20' title='bbox 202 350 259 404; x_wconf 84' lang='lat' dir='ltr'><strong>vita</strong></span> <span class='ocrx_word' id='word_1_21' title='bbox 269 355 311 402; x_wconf 82' lang='lat' dir='ltr'><strong>eat</strong></span> <span class='ocrx_word' id='word_1_22' title='bbox 319 347 428 420; x_wconf 85' lang='lat' dir='ltr'><strong>prolixa</strong></span> <span class='ocrx_word' id='word_1_23' title='bbox 438 354 465 401; x_wconf 89' lang='lat' dir='ltr'><strong>et</strong></span> <span class='ocrx_word' id='word_1_24' title='bbox 473 347 652 402; x_wconf 82' lang='lat' dir='ltr'><strong>vehementer</strong></span> <span class='ocrx_word' id='word_1_25' title='bbox 661 343 746 399; x_wconf 83' lang='lat' dir='ltr'><strong>nubis</strong></span> <span class='ocrx_word' id='word_1_26' title='bbox 756 343 954 400; x_wconf 80' lang='lat' dir='ltr'><strong>instartrans-</strong></span> <span class='ocrx_word' id='word_1_27' title='bbox 1018 347 1019 354; x_wconf 76' lang='grc'>’</span> 
     </span>
    </p>
   </div>
   <div class='ocr_carea' id='block_1_3' title="bbox 1016 378 1019 421">
    <p class='ocr_par' dir='ltr' id='par_1_3' title="bbox 1016 378 1019 421">
     <span class='ocr_line' id='line_1_4' title="bbox 1016 378 1019 421; baseline 0 0"><span class='ocrx_word' id='word_1_28' title='bbox 1016 378 1019 421; x_wconf 72' lang='grc' dir='ltr'>ι’</span> 
     </span>
    </p>
   </div>
   <div class='ocr_carea' id='block_1_4' title="bbox 137 417 1019 492">
    <p class='ocr_par' dir='ltr' id='par_1_4' title="bbox 137 417 1019 492">
     <span class='ocr_line' id='line_1_5' title="bbox 137 417 1019 492; baseline -0.005 -14"><span class='ocrx_word' id='word_1_29' title='bbox 137 424 229 479; x_wconf 86' lang='lat' dir='ltr'><strong>euntis</strong></span> <span class='ocrx_word' id='word_1_30' title='bbox 244 430 336 486; x_wconf 87' lang='lat' dir='ltr'><strong>aucta,</strong></span> <span class='ocrx_word' id='word_1_31' title='bbox 361 423 422 477; x_wconf 81' lang='lat' dir='ltr'><strong>aive</strong></span> <span class='ocrx_word' id='word_1_32' title='bbox 436 429 468 476; x_wconf 90' lang='lat' dir='ltr'><strong>ut</strong></span> <span class='ocrx_word' id='word_1_33' title='bbox 481 419 596 476; x_wconf 79' lang='lat' dir='ltr'><strong>effluxio</strong></span> <span class='ocrx_word' id='word_1_34' title='bbox 610 417 759 474; x_wconf 85' lang='lat' dir='ltr'><strong>fluviorum</strong></span> <span class='ocrx_word' id='word_1_35' title='bbox 774 417 850 492; x_wconf 83' lang='lat' dir='ltr'><strong>(est),</strong></span> <span class='ocrx_word' id='word_1_36' title='bbox 872 419 952 490; x_wconf 88' lang='lat' dir='ltr'><strong>quia</strong></span> <span class='ocrx_word' id='word_1_37' title='bbox 1018 449 1019 466; x_wconf 52' lang='grc' dir='ltr'>ι</span> 
     </span>
    </p>
   </div>
   <div class='ocr_carea' id='block_1_5' title="bbox 136 491 951 643">
    <p class='ocr_par' dir='ltr' id='par_1_5' title="bbox 136 491 951 643">
     <span class='ocr_line' id='line_1_6' title="bbox 136 491 951 568; baseline -0.007 -15"><span class='ocrx_word' id='word_1_38' title='bbox 136 497 295 554; x_wconf 80' lang='lat' dir='ltr'><strong>redundans</strong></span> <span class='ocrx_word' id='word_1_39' title='bbox 314 496 472 552; x_wconf 69' lang='lat' dir='ltr'><strong>extenditur</strong></span> <span class='ocrx_word' id='word_1_40' title='bbox 485 497 576 568; x_wconf 78' lang='lat' dir='ltr'><strong>magis</strong></span> <span class='ocrx_word' id='word_1_41' title='bbox 591 509 623 548; x_wconf 87' lang='lat' dir='ltr'><strong>ac</strong></span> <span class='ocrx_word' id='word_1_42' title='bbox 636 494 727 566; x_wconf 77' lang='lat' dir='ltr'><strong>magia</strong></span> <span class='ocrx_word' id='word_1_43' title='bbox 741 491 828 557; x_wconf 77' lang='lat' dir='ltr'><strong>torar,</strong></span> <span class='ocrx_word' id='word_1_44' title='bbox 850 508 951 564; x_wconf 84' lang='lat' dir='ltr'><strong>quum</strong></span> 
     </span>
     <span class='ocr_line' id='line_1_7' title="bbox 137 569 951 643; baseline -0.007 -15"><span class='ocrx_word' id='word_1_45' title='bbox 137 573 308 643; x_wconf 80' lang='lat' dir='ltr'><strong>atrapientia</strong></span> <span class='ocrx_word' id='word_1_46' title='bbox 317 571 414 627; x_wconf 81' lang='lat' dir='ltr'><strong>divina</strong></span> <span class='ocrx_word' id='word_1_47' title='bbox 426 571 473 625; x_wconf 80' lang='lat' dir='ltr'><strong>cit.</strong></span> <span class='ocrx_word' id='word_1_48' title='bbox 512 569 587 626; x_wconf 88' lang='lat' dir='ltr'><strong>Illud</strong></span> <span class='ocrx_word' id='word_1_49' title='bbox 600 576 693 624; x_wconf 81' lang='lat' dir='ltr'><strong>autem</strong></span> <span class='ocrx_word' id='word_1_50' title='bbox 699 585 795 638; x_wconf 80' lang='lat' dir='ltr'><strong>ponam</strong></span> <span class='ocrx_word' id='word_1_51' title='bbox 805 577 829 622; x_wconf 80' lang='lat' dir='ltr'><strong>te</strong></span> <span class='ocrx_word' id='word_1_52' title='bbox 838 573 867 622; x_wconf 82' lang='lat' dir='ltr'><strong>to</strong></span> <span class='ocrx_word' id='word_1_53' title='bbox 877 585 951 637; x_wconf 81' lang='lat' dir='ltr'><strong>pcn-</strong></span> 
     </span>
    </p>
   </div>
   <div class='ocr_carea' id='block_1_6' title="bbox 137 641 1019 794">
    <p class='ocr_par' dir='ltr' id='par_1_6' title="bbox 137 639 1019 794">
     <span class='ocr_line' id='line_1_8' title="bbox 138 641 949 713; baseline -0.006 -10"><span class='ocrx_word' id='word_1_54' title='bbox 138 658 176 703; x_wconf 82' lang='lat' dir='ltr'><strong>tea</strong></span> <span class='ocrx_word' id='word_1_55' title='bbox 194 647 300 702; x_wconf 90' lang='lat' dir='ltr'><strong>dictum</strong></span> <span class='ocrx_word' id='word_1_56' title='bbox 319 653 374 711; x_wconf 80' lang='lat' dir='ltr'><strong>est,</strong></span> <span class='ocrx_word' id='word_1_57' title='bbox 400 652 431 702; x_wconf 87' lang='grc' dir='ltr'><strong>ιιι</strong></span> <span class='ocrx_word' id='word_1_58' title='bbox 449 643 607 700; x_wconf 82' lang='lat' dir='ltr'><strong>evidentius</strong></span> <span class='ocrx_word' id='word_1_59' title='bbox 625 641 836 707; x_wconf 79' lang='lat' dir='ltr'><strong>demonstraret,</strong></span> <span class='ocrx_word' id='word_1_60' title='bbox 863 643 949 713; x_wconf 89' lang='lat' dir='ltr'><strong>quod</strong></span> 
     </span>
     <span class='ocr_line' id='line_1_9' title="bbox 137 715 1019 794; baseline -0.007 -17"><span class='ocrx_word' id='word_1_61' title='bbox 137 722 255 794; x_wconf 82' lang='lat' dir='ltr'><strong>dignum</strong></span> <span class='ocrx_word' id='word_1_62' title='bbox 268 720 367 785; x_wconf 83' lang='lat' dir='ltr'><strong>efficit,</strong></span> <span class='ocrx_word' id='word_1_63' title='bbox 390 729 531 791; x_wconf 80' lang='lat' dir='ltr'><strong>tamquam</strong></span> <span class='ocrx_word' id='word_1_64' title='bbox 546 717 758 775; x_wconf 82' lang='lat' dir='ltr'><strong>fundamentum</strong></span> <span class='ocrx_word' id='word_1_65' title='bbox 772 733 804 772; x_wconf 90' lang='lat' dir='ltr'><strong>ac</strong></span> <span class='ocrx_word' id='word_1_66' title='bbox 818 715 949 772; x_wconf 82' lang='lat' dir='ltr'><strong>fulcrum</strong></span> <span class='ocrx_word' id='word_1_67' title='bbox 1018 719 1019 742; x_wconf 64' lang='lat'><strong>³</strong></span> 
     </span>
    </p>
   </div>
   <div class='ocr_carea' id='block_1_7' title="bbox 139 791 948 867">
    <p class='ocr_par' dir='ltr' id='par_1_7' title="bbox 139 791 948 867">
     <span class='ocr_line' id='line_1_10' title="bbox 139 791 948 867; baseline -0.005 -15"><span class='ocrx_word' id='word_1_68' title='bbox 139 796 330 852; x_wconf 83' lang='lat' dir='ltr'><strong>finniosimum</strong></span> <span class='ocrx_word' id='word_1_69' title='bbox 340 811 400 850; x_wconf 79' lang='lat' dir='ltr'><strong>esse</strong></span> <span class='ocrx_word' id='word_1_70' title='bbox 410 796 564 866; x_wconf 75' lang='lat' dir='ltr'><strong>sapientem</strong></span> <span class='ocrx_word' id='word_1_71' title='bbox 574 793 715 867; x_wconf 76' lang='lat' dir='ltr'><strong>gentibue,</strong></span> <span class='ocrx_word' id='word_1_72' title='bbox 730 799 790 848; x_wconf 84' lang='lat' dir='ltr'><strong>tum</strong></span> <span class='ocrx_word' id='word_1_73' title='bbox 798 791 867 857; x_wconf 80' lang='lat' dir='ltr'><strong>suis,</strong></span> <span class='ocrx_word' id='word_1_74' title='bbox 879 799 948 848; x_wconf 83' lang='lat' dir='ltr'><strong>tum</strong></span> 
     </span>
    </p>
   </div>
   <div class='ocr_carea' id='block_1_8' title="bbox 139 866 1019 1166">
    <p class='ocr_par' dir='ltr' id='par_1_8' title="bbox 139 866 1019 1166">
     <span class='ocr_line' id='line_1_11' title="bbox 139 866 1019 944; baseline -0.006 -18"><span class='ocrx_word' id='word_1_75' title='bbox 139 871 254 926; x_wconf 83' lang='lat' dir='ltr'><strong>caeteris</strong></span> <span class='ocrx_word' id='word_1_76' title='bbox 273 871 357 926; x_wconf 86' lang='lat' dir='ltr'><strong>etiam</strong></span> <span class='ocrx_word' id='word_1_77' title='bbox 370 868 531 924; x_wconf 83' lang='lat' dir='ltr'><strong>hominibus</strong></span> <span class='ocrx_word' id='word_1_78' title='bbox 547 869 624 944; x_wconf 70' lang='lat' dir='ltr'><strong>uario</strong></span> <span class='ocrx_word' id='word_1_79' title='bbox 638 866 719 924; x_wconf 88' lang='lat' dir='ltr'><strong>modo</strong></span> <span class='ocrx_word' id='word_1_80' title='bbox 734 866 881 940; x_wconf 73' lang='lat' dir='ltr'>egentibus</span> <span class='ocrx_word' id='word_1_81' title='bbox 895 883 948 922; x_wconf 83' lang='lat' dir='ltr'><strong>ae-</strong></span> <span class='ocrx_word' id='word_1_82' title='bbox 1018 887 1019 892; x_wconf 46' lang='lat'>¹</span> 
     </span>
     <span class='ocr_line' id='line_1_12' title="bbox 139 940 1019 1008; baseline -0.002 -8"><span class='ocrx_word' id='word_1_83' title='bbox 139 945 263 1000; x_wconf 88' lang='lat' dir='ltr'><strong>cundum</strong></span> <span class='ocrx_word' id='word_1_84' title='bbox 276 945 412 1008; x_wconf 89' lang='lat' dir='ltr'><strong>animum,</strong></span> <span class='ocrx_word' id='word_1_85' title='bbox 436 951 468 998; x_wconf 90' lang='lat' dir='ltr'><strong>ut</strong></span> <span class='ocrx_word' id='word_1_86' title='bbox 485 951 565 998; x_wconf 82' lang='lat' dir='ltr'><strong>antea</strong></span> <span class='ocrx_word' id='word_1_87' title='bbox 584 941 691 998; x_wconf 87' lang='lat' dir='ltr'><strong>dictum</strong></span> <span class='ocrx_word' id='word_1_88' title='bbox 710 949 761 996; x_wconf 85' lang='lat' dir='ltr'><strong>est.</strong></span> <span class='ocrx_word' id='word_1_89' title='bbox 804 940 947 1007; x_wconf 80' lang='lat' dir='ltr'><strong>Quoniam</strong></span> <span class='ocrx_word' id='word_1_90' title='bbox 1018 949 1019 954; x_wconf 77' lang='grc'>’</span> 
     </span>
     <span class='ocr_line' id='line_1_13' title="bbox 139 1017 1019 1094; baseline -0.003 -19"><span class='ocrx_word' id='word_1_91' title='bbox 139 1020 251 1092; x_wconf 80' lang='lat' dir='ltr'><strong>sapiens</strong></span> <span class='ocrx_word' id='word_1_92' title='bbox 265 1021 391 1094; x_wconf 80' lang='lat' dir='ltr'><strong>gentium</strong></span> <span class='ocrx_word' id='word_1_93' title='bbox 405 1017 562 1090; x_wconf 78' lang='lat' dir='ltr'><strong>redemptor</strong></span> <span class='ocrx_word' id='word_1_94' title='bbox 575 1025 617 1073; x_wconf 86' lang='lat' dir='ltr'><strong>est</strong></span> <span class='ocrx_word' id='word_1_95' title='bbox 637 1025 664 1074; x_wconf 86' lang='lat' dir='ltr'><strong>et</strong></span> <span class='ocrx_word' id='word_1_96' title='bbox 682 1019 845 1073; x_wconf 81' lang='lat' dir='ltr'><strong>intercessor</strong></span> <span class='ocrx_word' id='word_1_97' title='bbox 864 1017 946 1088; x_wconf 89' lang='lat' dir='ltr'><strong>apud</strong></span> <span class='ocrx_word' id='word_1_98' title='bbox 1018 1071 1019 1092; x_wconf 24' lang='lat'>1</span> 
     </span>
     <span class='ocr_line' id='line_1_14' title="bbox 140 1091 1019 1166; baseline -0.003 -16"><span class='ocrx_word' id='word_1_99' title='bbox 140 1094 224 1150; x_wconf 89' lang='lat' dir='ltr'><strong>deum</strong></span> <span class='ocrx_word' id='word_1_100' title='bbox 233 1103 261 1151; x_wconf 86' lang='lat' dir='ltr'><strong>et</strong></span> <span class='ocrx_word' id='word_1_101' title='bbox 270 1095 380 1150; x_wconf 84' lang='lat' dir='ltr'><strong>veniam</strong></span> <span class='ocrx_word' id='word_1_102' title='bbox 390 1101 487 1166; x_wconf 82' lang='lat' dir='ltr'><strong>petens</strong></span> <span class='ocrx_word' id='word_1_103' title='bbox 501 1093 537 1148; x_wconf 88' lang='lat' dir='ltr'><strong>do</strong></span> <span class='ocrx_word' id='word_1_104' title='bbox 551 1091 661 1148; x_wconf 86' lang='lat' dir='ltr'><strong>delictis</strong></span> <span class='ocrx_word' id='word_1_105' title='bbox 676 1099 863 1164; x_wconf 81' lang='lat' dir='ltr'><strong>cognatorum.</strong></span> <span class='ocrx_word' id='word_1_106' title='bbox 903 1091 947 1147; x_wconf 86' lang='lat'><strong>11-</strong></span> <span class='ocrx_word' id='word_1_107' title='bbox 1018 1093 1019 1126; x_wconf 63' lang='lat'><em>³</em></span> 
     </span>
    </p>
   </div>
   <div class='ocr_carea' id='block_1_9' title="bbox 139 1165 946 1538">
    <p class='ocr_par' dir='ltr' id='par_1_9' title="bbox 139 1165 946 1538">
     <span class='ocr_line' id='line_1_15' title="bbox 140 1165 946 1240; baseline -0.004 -15"><span class='ocrx_word' id='word_1_108' title='bbox 140 1168 190 1225; x_wconf 90' lang='lat' dir='ltr'><strong>lud</strong></span> <span class='ocrx_word' id='word_1_109' title='bbox 205 1169 318 1226; x_wconf 88' lang='lat' dir='ltr'><strong>demum</strong></span> <span class='ocrx_word' id='word_1_110' title='bbox 331 1185 403 1240; x_wconf 70' lang='lat' dir='ltr'><strong>repet</strong></span> <span class='ocrx_word' id='word_1_111' title='bbox 418 1185 454 1223; x_wconf 77' lang='lat' dir='ltr'><strong>cc</strong></span> <span class='ocrx_word' id='word_1_112' title='bbox 470 1177 494 1223; x_wconf 82' lang='lat' dir='ltr'><strong>te</strong></span> <span class='ocrx_word' id='word_1_113' title='bbox 510 1171 575 1236; x_wconf 72' lang='lat' dir='ltr'><strong>ficut</strong></span> <span class='ocrx_word' id='word_1_114' title='bbox 589 1167 690 1222; x_wconf 80' lang='lat' dir='ltr'><strong>iterum</strong></span> <span class='ocrx_word' id='word_1_115' title='bbox 704 1166 789 1221; x_wconf 82' lang='lat' dir='ltr'><strong>nimio</strong></span> <span class='ocrx_word' id='word_1_116' title='bbox 802 1166 855 1221; x_wconf 87' lang='lat' dir='ltr'><strong>rite</strong></span> <span class='ocrx_word' id='word_1_117' title='bbox 867 1165 946 1222; x_wconf 92' lang='lat' dir='ltr'><strong>dici-</strong></span> 
     </span>
     <span class='ocr_line' id='line_1_16' title="bbox 139 1240 945 1316; baseline -0.005 -16"><span class='ocrx_word' id='word_1_118' title='bbox 139 1254 198 1313; x_wconf 89' lang='lat' dir='ltr'><strong>tur;</strong></span> <span class='ocrx_word' id='word_1_119' title='bbox 229 1246 322 1301; x_wconf 87' lang='lat' dir='ltr'><strong>omnia</strong></span> <span class='ocrx_word' id='word_1_120' title='bbox 340 1245 429 1308; x_wconf 79' lang='lat' dir='ltr'><strong>enim,</strong></span> <span class='ocrx_word' id='word_1_121' title='bbox 450 1259 522 1316; x_wconf 85' lang='lat' dir='ltr'><strong>quac</strong></span> <span class='ocrx_word' id='word_1_122' title='bbox 537 1241 690 1314; x_wconf 80' lang='lat' dir='ltr'><strong>sapientiae</strong></span> <span class='ocrx_word' id='word_1_123' title='bbox 704 1248 783 1305; x_wconf 79' lang='lat' dir='ltr'><strong>aunt,</strong></span> <span class='ocrx_word' id='word_1_124' title='bbox 803 1240 880 1314; x_wconf 80' lang='lat' dir='ltr'><strong>regia</strong></span> <span class='ocrx_word' id='word_1_125' title='bbox 896 1257 945 1296; x_wconf 83' lang='lat' dir='ltr'><strong>se-</strong></span> 
     </span>
     <span class='ocr_line' id='line_1_17' title="bbox 140 1314 945 1391; baseline -0.005 -17"><span class='ocrx_word' id='word_1_126' title='bbox 140 1321 216 1374; x_wconf 90' lang='lat' dir='ltr'><strong>mina</strong></span> <span class='ocrx_word' id='word_1_127' title='bbox 229 1329 307 1384; x_wconf 81' lang='lat' dir='ltr'><strong>aunt,</strong></span> <span class='ocrx_word' id='word_1_128' title='bbox 328 1318 420 1391; x_wconf 77' lang='lat' dir='ltr'><strong>proles</strong></span> <span class='ocrx_word' id='word_1_129' title='bbox 433 1317 570 1388; x_wconf 84' lang='lat' dir='ltr'><strong>principis</strong></span> <span class='ocrx_word' id='word_1_130' title='bbox 585 1332 617 1372; x_wconf 88' lang='lat' dir='ltr'><strong>ac</strong></span> <span class='ocrx_word' id='word_1_131' title='bbox 632 1314 713 1371; x_wconf 79' lang='lat' dir='ltr'><strong>ducis</strong></span> <span class='ocrx_word' id='word_1_132' title='bbox 726 1314 881 1371; x_wconf 75' lang='lat' dir='ltr'><strong>secundm</strong></span> <span class='ocrx_word' id='word_1_133' title='bbox 890 1333 945 1371; x_wconf 86' lang='lat' dir='ltr'><strong>na-</strong></span> 
     </span>
     <span class='ocr_line' id='line_1_18' title="bbox 140 1389 943 1464; baseline -0.002 -16"><span class='ocrx_word' id='word_1_134' title='bbox 140 1403 245 1448; x_wconf 88' lang='lat' dir='ltr'><strong>turam:</strong></span> <span class='ocrx_word' id='word_1_135' title='bbox 275 1395 387 1464; x_wconf 77' lang='lat' dir='ltr'><strong>sapiens</strong></span> <span class='ocrx_word' id='word_1_136' title='bbox 401 1400 493 1446; x_wconf 85' lang='lat' dir='ltr'><strong>autem</strong></span> <span class='ocrx_word' id='word_1_137' title='bbox 507 1397 581 1446; x_wconf 88' lang='lat' dir='ltr'><strong>caret</strong></span> <span class='ocrx_word' id='word_1_138' title='bbox 593 1392 700 1446; x_wconf 79' lang='lat' dir='ltr'><strong>semine</strong></span> <span class='ocrx_word' id='word_1_139' title='bbox 714 1389 862 1462; x_wconf 75' lang='lat' dir='ltr'><strong>fructuque</strong></span> <span class='ocrx_word' id='word_1_140' title='bbox 875 1407 943 1462; x_wconf 88' lang='lat' dir='ltr'><strong>pro-</strong></span> 
     </span>
     <span class='ocr_line' id='line_1_19' title="bbox 141 1465 943 1538; baseline 0 -18"><span class='ocrx_word' id='word_1_141' title='bbox 141 1467 216 1538; x_wconf 78' lang='lat' dir='ltr'><strong>prio,</strong></span> <span class='ocrx_word' id='word_1_142' title='bbox 237 1467 288 1522; x_wconf 82' lang='lat' dir='ltr'><strong>eod</strong></span> <span class='ocrx_word' id='word_1_143' title='bbox 301 1467 380 1522; x_wconf 77' lang='lat' dir='ltr'><strong>ferax</strong></span> <span class='ocrx_word' id='word_1_144' title='bbox 392 1473 434 1521; x_wconf 82' lang='lat' dir='ltr'><strong>eet</strong></span> <span class='ocrx_word' id='word_1_145' title='bbox 446 1474 474 1522; x_wconf 88' lang='lat' dir='ltr'><strong>et</strong></span> <span class='ocrx_word' id='word_1_146' title='bbox 487 1467 616 1538; x_wconf 77' lang='lat' dir='ltr'><strong>copiosus</strong></span> <span class='ocrx_word' id='word_1_147' title='bbox 631 1465 736 1523; x_wconf 81' lang='lat' dir='ltr'><strong>semine</strong></span> <span class='ocrx_word' id='word_1_148' title='bbox 746 1465 782 1521; x_wconf 90' lang='lat' dir='ltr'><strong>ab</strong></span> <span class='ocrx_word' id='word_1_149' title='bbox 792 1467 853 1538; x_wconf 78' lang='lat' dir='ltr'><strong>ipsc</strong></span> <span class='ocrx_word' id='word_1_150' title='bbox 862 1465 943 1538; x_wconf 88' lang='lat' dir='ltr'><strong>prin·</strong></span> 
     </span>
    </p>
   </div>
   <div class='ocr_carea' id='block_1_10' title="bbox 137 1540 237 1614">
    <p class='ocr_par' dir='ltr' id='par_1_10' title="bbox 137 1540 237 1614">
     <span class='ocr_line' id='line_1_20' title="bbox 137 1540 237 1614; baseline 0 -19"><span class='ocrx_word' id='word_1_151' title='bbox 137 1540 237 1614; x_wconf 65' lang='lat' dir='ltr'><strong>cipali.</strong></span> 
     </span>
    </p>
   </div>
   <div class='ocr_carea' id='block_1_11' title="bbox 145 1696 1019 1899">
    <p class='ocr_par' dir='ltr' id='par_1_11' title="bbox 145 1696 1019 1899">
     <span class='ocr_line' id='line_1_21' title="bbox 145 1696 939 1765; baseline 0.001 -17"><span class='ocrx_word' id='word_1_152' title='bbox 145 1696 374 1761; x_wconf 69' lang='lat' dir='ltr'><strong>Qaddart„Dodo</strong></span> <span class='ocrx_word' id='word_1_153' title='bbox 393 1697 745 1765; x_wconf 75' lang='lat' dir='ltr'><strong>tidietocma&#39;m&#39;tucpocttc</strong></span> <span class='ocrx_word' id='word_1_154' title='bbox 764 1697 939 1762; x_wconf 73' lang='lat' dir='ltr'><strong>terromdoac,</strong></span> 
     </span>
     <span class='ocr_line' id='line_1_22' title="bbox 209 1766 941 1831; baseline 0.003 -16"><span class='ocrx_word' id='word_1_155' title='bbox 209 1766 235 1815; x_wconf 83' lang='grc' dir='ltr'><strong>ιἰι</strong></span> <span class='ocrx_word' id='word_1_156' title='bbox 255 1782 304 1829; x_wconf 83' lang='lat' dir='ltr'><strong>quc</strong></span> <span class='ocrx_word' id='word_1_157' title='bbox 326 1774 351 1814; x_wconf 88' lang='grc' dir='ltr'><strong>ιιι</strong></span> <span class='ocrx_word' id='word_1_158' title='bbox 367 1766 561 1831; x_wconf 74' lang='lat' dir='ltr'><strong>peropn’aotiooc</strong></span> <span class='ocrx_word' id='word_1_159' title='bbox 581 1766 708 1829; x_wconf 65' lang='lat' dir='ltr'><strong>dubitasti,</strong></span> <span class='ocrx_word' id='word_1_160' title='bbox 744 1782 832 1817; x_wconf 69' lang='lat' dir='ltr'><strong>omnen</strong></span> <span class='ocrx_word' id='word_1_161' title='bbox 854 1774 941 1817; x_wconf 73' lang='lat' dir='ltr'><strong>aaron</strong></span> 
     </span>
     <span class='ocr_line' id='line_1_23' title="bbox 211 1832 1019 1899; baseline 0.001 -16"><span class='ocrx_word' id='word_1_162' title='bbox 211 1832 329 1883; x_wconf 62' lang='lat' dir='ltr'><strong>aaran</strong></span> <span class='ocrx_word' id='word_1_163' title='bbox 345 1833 372 1881; x_wconf 79' lang='lat' dir='ltr'><strong>a&#39;n</strong></span> <span class='ocrx_word' id='word_1_164' title='bbox 385 1834 557 1897; x_wconf 71' lang='lat' dir='ltr'><strong>pomoeaioaem</strong></span> <span class='ocrx_word' id='word_1_165' title='bbox 574 1836 737 1887; x_wconf 63' lang='lat' dir='ltr'><strong>catanam</strong></span> <span class='ocrx_word' id='word_1_166' title='bbox 759 1834 814 1899; x_wconf 76' lang='lat'><strong>(17,</strong></span> <span class='ocrx_word' id='word_1_167' title='bbox 832 1834 870 1897; x_wconf 83' lang='grc'><strong>8.)</strong></span> <span class='ocrx_word' id='word_1_168' title='bbox 1018 1854 1019 1861; x_wconf 49' lang='lat'>¹</span> 
     </span>
    </p>
   </div>
   <div class='ocr_carea' id='block_1_12' title="bbox 141 1934 944 2693">
    <p class='ocr_par' dir='ltr' id='par_1_12' title="bbox 141 1934 944 2693">
     <span class='ocr_line' id='line_1_24' title="bbox 199 1934 942 2007; baseline 0.001 -17"><span class='ocrx_word' id='word_1_169' title='bbox 199 1937 242 1990; x_wconf 80' lang='lat' dir='ltr'><strong>t5.</strong></span> <span class='ocrx_word' id='word_1_170' title='bbox 267 1935 369 1989; x_wconf 82' lang='lat' dir='ltr'><strong>Littera</strong></span> <span class='ocrx_word' id='word_1_171' title='bbox 384 1934 452 1990; x_wconf 86' lang='lat' dir='ltr'><strong>adeo</strong></span> <span class='ocrx_word' id='word_1_172' title='bbox 466 1935 539 1990; x_wconf 88' lang='lat' dir='ltr'><strong>clara</strong></span> <span class='ocrx_word' id='word_1_173' title='bbox 554 1942 609 1999; x_wconf 84' lang='lat' dir='ltr'><strong>est,</strong></span> <span class='ocrx_word' id='word_1_174' title='bbox 630 1943 662 1991; x_wconf 88' lang='lat' dir='ltr'><strong>nt</strong></span> <span class='ocrx_word' id='word_1_175' title='bbox 676 1934 753 1991; x_wconf 88' lang='lat' dir='ltr'><strong>nulla</strong></span> <span class='ocrx_word' id='word_1_176' title='bbox 762 1952 832 2007; x_wconf 81' lang='lat' dir='ltr'><strong>opus</strong></span> <span class='ocrx_word' id='word_1_177' title='bbox 842 1934 942 1991; x_wconf 88' lang='lat' dir='ltr'><strong>habeat</strong></span> 
     </span>
     <span class='ocr_line' id='line_1_25' title="bbox 143 2008 942 2083; baseline -0.001 -18"><span class='ocrx_word' id='word_1_178' title='bbox 143 2009 326 2065; x_wconf 87' lang='lat' dir='ltr'><strong>declaratione</strong></span> <span class='ocrx_word' id='word_1_179' title='bbox 335 2026 435 2064; x_wconf 91' lang='lat' dir='ltr'><strong>sermo.</strong></span> <span class='ocrx_word' id='word_1_180' title='bbox 458 2008 501 2064; x_wconf 75' lang='lat' dir='ltr'><strong>Ad</strong></span> <span class='ocrx_word' id='word_1_181' title='bbox 512 2017 632 2064; x_wconf 88' lang='lat' dir='ltr'><strong>mentem</strong></span> <span class='ocrx_word' id='word_1_182' title='bbox 642 2026 708 2065; x_wconf 87' lang='lat' dir='ltr'><strong>vero</strong></span> <span class='ocrx_word' id='word_1_183' title='bbox 719 2010 850 2083; x_wconf 80' lang='lat' dir='ltr'><strong>allegoria</strong></span> <span class='ocrx_word' id='word_1_184' title='bbox 860 2026 942 2064; x_wconf 87' lang='lat' dir='ltr'><strong>usur-</strong></span> 
     </span>
     <span class='ocr_line' id='line_1_26' title="bbox 143 2083 941 2156; baseline 0.004 -18"><span class='ocrx_word' id='word_1_185' title='bbox 143 2084 234 2156; x_wconf 88' lang='lat' dir='ltr'><strong>panda</strong></span> <span class='ocrx_word' id='word_1_186' title='bbox 249 2092 291 2139; x_wconf 81' lang='lat' dir='ltr'><strong>eat</strong></span> <span class='ocrx_word' id='word_1_187' title='bbox 305 2083 357 2138; x_wconf 90' lang='lat' dir='ltr'><strong>hoc</strong></span> <span class='ocrx_word' id='word_1_188' title='bbox 369 2092 473 2139; x_wconf 87' lang='lat' dir='ltr'><strong>tenore.</strong></span> <span class='ocrx_word' id='word_1_189' title='bbox 511 2085 618 2140; x_wconf 86' lang='lat' dir='ltr'><strong>Virtute</strong></span> <span class='ocrx_word' id='word_1_190' title='bbox 633 2084 775 2156; x_wconf 85' lang='lat' dir='ltr'><strong>praeditus</strong></span> <span class='ocrx_word' id='word_1_191' title='bbox 789 2086 895 2141; x_wconf 82' lang='lat' dir='ltr'><strong>animus</strong></span> <span class='ocrx_word' id='word_1_192' title='bbox 909 2085 941 2141; x_wconf 92' lang='lat' dir='ltr'><strong>in</strong></span> 
     </span>
     <span class='ocr_line' id='line_1_27' title="bbox 143 2159 938 2233; baseline 0 -20"><span class='ocrx_word' id='word_1_193' title='bbox 143 2160 232 2229; x_wconf 89' lang='lat' dir='ltr'><strong>spatio</strong></span> <span class='ocrx_word' id='word_1_194' title='bbox 246 2174 375 2229; x_wconf 88' lang='lat' dir='ltr'><strong>corporeo</strong></span> <span class='ocrx_word' id='word_1_195' title='bbox 389 2159 553 2231; x_wconf 83' lang='lat' dir='ltr'><strong>peregrinus</strong></span> <span class='ocrx_word' id='word_1_196' title='bbox 567 2167 610 2214; x_wconf 84' lang='lat' dir='ltr'><strong>est</strong></span> <span class='ocrx_word' id='word_1_197' title='bbox 623 2161 717 2231; x_wconf 79' lang='lat' dir='ltr'><strong>potius</strong></span> <span class='ocrx_word' id='word_1_198' title='bbox 731 2177 815 2233; x_wconf 86' lang='lat' dir='ltr'><strong>quam</strong></span> <span class='ocrx_word' id='word_1_199' title='bbox 835 2159 938 2229; x_wconf 88' lang='lat' dir='ltr'><strong>incola;</strong></span> 
     </span>
     <span class='ocr_line' id='line_1_28' title="bbox 142 2230 944 2308; baseline 0.001 -21"><span class='ocrx_word' id='word_1_200' title='bbox 142 2235 231 2304; x_wconf 88' lang='lat' dir='ltr'><strong>patria</strong></span> <span class='ocrx_word' id='word_1_201' title='bbox 241 2234 316 2289; x_wconf 87' lang='lat' dir='ltr'><strong>enim</strong></span> <span class='ocrx_word' id='word_1_202' title='bbox 325 2234 385 2289; x_wconf 81' lang='lat' dir='ltr'><strong>eius</strong></span> <span class='ocrx_word' id='word_1_203' title='bbox 396 2241 437 2289; x_wconf 86' lang='lat' dir='ltr'><strong>cat</strong></span> <span class='ocrx_word' id='word_1_204' title='bbox 448 2232 541 2288; x_wconf 80' lang='lat' dir='ltr'><strong>aether</strong></span> <span class='ocrx_word' id='word_1_205' title='bbox 552 2230 588 2308; x_wconf 82' lang='lat'><strong>[*]</strong></span> <span class='ocrx_word' id='word_1_206' title='bbox 601 2241 628 2289; x_wconf 90' lang='lat' dir='ltr'><strong>et</strong></span> <span class='ocrx_word' id='word_1_207' title='bbox 638 2235 760 2301; x_wconf 88' lang='lat' dir='ltr'><strong>caelum,</strong></span> <span class='ocrx_word' id='word_1_208' title='bbox 775 2236 881 2290; x_wconf 87' lang='lat' dir='ltr'><strong>colonia</strong></span> <span class='ocrx_word' id='word_1_209' title='bbox 890 2250 944 2289; x_wconf 87' lang='lat' dir='ltr'><strong>au-</strong></span> 
     </span>
     <span class='ocr_line' id='line_1_29' title="bbox 142 2308 944 2383; baseline 0.001 -22"><span class='ocrx_word' id='word_1_210' title='bbox 142 2316 199 2362; x_wconf 82' lang='lat' dir='ltr'><strong>tem</strong></span> <span class='ocrx_word' id='word_1_211' title='bbox 212 2314 284 2363; x_wconf 82' lang='lat' dir='ltr'><strong>terra</strong></span> <span class='ocrx_word' id='word_1_212' title='bbox 297 2316 325 2363; x_wconf 88' lang='grc' dir='ltr'><strong>ιι</strong></span> <span class='ocrx_word' id='word_1_213' title='bbox 338 2315 477 2364; x_wconf 78' lang='lat' dir='ltr'><strong>terrenum</strong></span> <span class='ocrx_word' id='word_1_214' title='bbox 492 2324 606 2380; x_wconf 84' lang='lat' dir='ltr'><strong>corpus,</strong></span> <span class='ocrx_word' id='word_1_215' title='bbox 631 2308 661 2364; x_wconf 90' lang='lat' dir='ltr'><strong>in</strong></span> <span class='ocrx_word' id='word_1_216' title='bbox 676 2327 731 2383; x_wconf 92' lang='lat' dir='ltr'><strong>quo</strong></span> <span class='ocrx_word' id='word_1_217' title='bbox 746 2310 848 2365; x_wconf 85' lang='lat' dir='ltr'><strong>dicitur</strong></span> <span class='ocrx_word' id='word_1_218' title='bbox 860 2324 944 2381; x_wconf 87' lang='lat' dir='ltr'><strong>pare-</strong></span> 
     </span>
     <span class='ocr_line' id='line_1_30' title="bbox 141 2382 943 2455; baseline 0.004 -19"><span class='ocrx_word' id='word_1_219' title='bbox 141 2383 256 2454; x_wconf 82' lang='lat' dir='ltr'><strong>grinari.</strong></span> <span class='ocrx_word' id='word_1_220' title='bbox 294 2382 471 2438; x_wconf 81' lang='lat' dir='ltr'><strong>Benefaciens</strong></span> <span class='ocrx_word' id='word_1_221' title='bbox 485 2399 551 2455; x_wconf 78' lang='lat' dir='ltr'><strong>ergo</strong></span> <span class='ocrx_word' id='word_1_222' title='bbox 568 2384 595 2438; x_wconf 85' lang='lat' dir='ltr'><strong>ei</strong></span> <span class='ocrx_word' id='word_1_223' title='bbox 609 2392 688 2455; x_wconf 87' lang='lat' dir='ltr'><strong>pater</strong></span> <span class='ocrx_word' id='word_1_224' title='bbox 707 2384 790 2440; x_wconf 89' lang='lat' dir='ltr'><strong>donat</strong></span> <span class='ocrx_word' id='word_1_225' title='bbox 808 2386 834 2439; x_wconf 88' lang='lat' dir='ltr'><strong>ei</strong></span> <span class='ocrx_word' id='word_1_226' title='bbox 856 2390 943 2439; x_wconf 84' lang='lat' dir='ltr'><strong>terre-</strong></span> 
     </span>
     <span class='ocr_line' id='line_1_31' title="bbox 142 2457 943 2530; baseline 0.005 -19"><span class='ocrx_word' id='word_1_227' title='bbox 142 2474 241 2513; x_wconf 90' lang='lat' dir='ltr'><strong>norum</strong></span> <span class='ocrx_word' id='word_1_228' title='bbox 260 2457 453 2512; x_wconf 82' lang='lat' dir='ltr'><strong>universorum</strong></span> <span class='ocrx_word' id='word_1_229' title='bbox 472 2458 660 2530; x_wconf 78' lang='lat' dir='ltr'><strong>principatum</strong></span> <span class='ocrx_word' id='word_1_230' title='bbox 679 2460 711 2513; x_wconf 91' lang='lat' dir='ltr'><strong>in</strong></span> <span class='ocrx_word' id='word_1_231' title='bbox 731 2468 879 2522; x_wconf 84' lang='lat' dir='ltr'><strong>aeternam,</strong></span> <span class='ocrx_word' id='word_1_232' title='bbox 906 2468 943 2515; x_wconf 86' lang='lat' dir='ltr'><strong>ut</strong></span> 
     </span>
     <span class='ocr_line' id='line_1_32' title="bbox 143 2532 941 2605; baseline 0.001 -20"><span class='ocrx_word' id='word_1_233' title='bbox 143 2533 204 2602; x_wconf 85' lang='lat' dir='ltr'><strong>ipse</strong></span> <span class='ocrx_word' id='word_1_234' title='bbox 214 2532 265 2596; x_wconf 86' lang='lat' dir='ltr'><strong>ait,</strong></span> <span class='ocrx_word' id='word_1_235' title='bbox 277 2534 490 2602; x_wconf 74' lang='lat' dir='ltr'><strong>possessionem,</strong></span> <span class='ocrx_word' id='word_1_236' title='bbox 500 2548 537 2586; x_wconf 87' lang='lat' dir='ltr'><strong>ne</strong></span> <span class='ocrx_word' id='word_1_237' title='bbox 547 2532 705 2588; x_wconf 83' lang='lat' dir='ltr'><strong>dominetur</strong></span> <span class='ocrx_word' id='word_1_238' title='bbox 713 2550 846 2605; x_wconf 89' lang='lat' dir='ltr'><strong>umquam</strong></span> <span class='ocrx_word' id='word_1_239' title='bbox 855 2550 869 2588; x_wconf 88' lang='lat' dir='ltr'><strong>a</strong></span> <span class='ocrx_word' id='word_1_240' title='bbox 879 2548 941 2587; x_wconf 91' lang='lat' dir='ltr'><strong>cor-</strong></span> 
     </span>
     <span class='ocr_line' id='line_1_33' title="bbox 143 2606 940 2693; baseline 0.006 -33"><span class='ocrx_word' id='word_1_241' title='bbox 143 2622 224 2693; x_wconf 75' lang='lat' dir='ltr'><strong>pore,</strong></span> <span class='ocrx_word' id='word_1_242' title='bbox 245 2606 295 2661; x_wconf 83' lang='lat' dir='ltr'><strong>sod</strong></span> <span class='ocrx_word' id='word_1_243' title='bbox 308 2622 418 2678; x_wconf 72' lang='lat' dir='ltr'><strong>semper</strong></span> <span class='ocrx_word' id='word_1_244' title='bbox 429 2607 559 2678; x_wconf 78' lang='lat' dir='ltr'><strong>princeps</strong></span> <span class='ocrx_word' id='word_1_245' title='bbox 574 2613 602 2660; x_wconf 89' lang='lat' dir='ltr'><strong>ot</strong></span> <span class='ocrx_word' id='word_1_246' title='bbox 615 2616 704 2664; x_wconf 88' lang='lat' dir='ltr'><strong>rector</strong></span> <span class='ocrx_word' id='word_1_247' title='bbox 717 2608 767 2671; x_wconf 79' lang='lat' dir='ltr'><strong>ait,</strong></span> <span class='ocrx_word' id='word_1_248' title='bbox 789 2625 896 2665; x_wconf 76' lang='lat' dir='ltr'><strong>cervum</strong></span> <span class='ocrx_word' id='word_1_249' title='bbox 905 2625 940 2665; x_wconf 85' lang='lat' dir='ltr'><strong>ac</strong></span> 
     </span>
    </p>
   </div>
   <div class='ocr_carea' id='block_1_13' title="bbox 141 2680 589 2753">
    <p class='ocr_par' dir='ltr' id='par_1_13' title="bbox 141 2680 589 2753">
     <span class='ocr_line' id='line_1_34' title="bbox 141 2680 589 2753; baseline -0.013 -14"><span class='ocrx_word' id='word_1_250' title='bbox 141 2680 341 2752; x_wconf 77' lang='lat' dir='ltr'><strong>peduoequnm</strong></span> <span class='ocrx_word' id='word_1_251' title='bbox 351 2681 423 2738; x_wconf 87' lang='lat' dir='ltr'><strong>illud</strong></span> <span class='ocrx_word' id='word_1_252' title='bbox 433 2681 589 2753; x_wconf 81' lang='lat' dir='ltr'><strong>acquirens.</strong></span> 
     </span>
    </p>
   </div>
   <div class='ocr_carea' id='block_1_14' title="bbox 0 0 1030 3100">
    <p class='ocr_par' dir='ltr' id='par_1_14' title="bbox 0 0 1030 3100">
     <span class='ocr_line' id='line_1_35' title="bbox 0 0 1030 3100; baseline 0 0"><span class='ocrx_word' id='word_1_253' title='bbox 0 0 1030 3100; x_wconf 95' lang='lat' dir='ltr'><strong> </strong></span> 
     </span>
    </p>
   </div>
  </div>
 </body>
</html>
