2050 3100
173 170 205 221 oe
398 175 582 224 ruinosus
605 173 743 222 tunam
896 171 930 236 [1,
942 171 985 236 es}

106 325 111 336 ‚
173 285 276 340 tacere,
289 283 336 331 aut
345 277 371 330 si
380 275 453 330 alins
462 274 592 338 dixisset,
605 271 744 330 obvelare.
778 273 934 347 Condigne
945 286 982 331 ta-

173 367 238 407 men
251 351 402 407 memoravi
416 350 498 416 baec,
520 359 551 404 ut
570 355 730 421 argumento
749 349 807 403 sint
821 367 924 405 rerum
938 369 981 404 ur-

173 427 312 498 gentium,
336 423 411 496 qued
430 442 495 479 mox
513 423 689 496 significabo,
711 439 742 477 ea
760 426 977 494 praemittendo,

172 500 277 570 quibus
286 501 327 570 uti
338 499 425 553 solent
435 500 560 554 veritatis
572 499 788 570 impugnatores.

231 584 271 636 ⁴5.
293 581 393 635 Dicunt
402 579 523 653 enim*):
545 583 605 637 Non
615 589 656 636 est
665 580 735 635 deus
746 581 821 635 sicut
831 589 975 655 tyrannus,

172 656 222 726 qui
236 655 427 725 crudelitatem
440 654 670 727 violentiamque,
691 664 718 711 et
731 663 876 726 quotquot
893 659 976 714 domi-

172 748 225 784 nus
239 730 341 801 aliquis
355 730 471 802 agrestis
486 747 518 785 ac
532 731 595 786 duri
610 731 782 803 principatus
798 747 890 801 opera
904 751 975 788 exer-

173 814 244 869 ceat,
266 804 315 860 sed
331 823 381 869 rex
393 804 531 860 humanus
551 814 578 860 et
597 805 738 877 legitimus
756 807 973 877 praeseferens

171 880 358 952 principatum
378 897 441 934 cum
459 880 579 944 iustitia,
599 882 705 952 quippe
724 880 774 951 qui
792 885 973 938 communiter

171 954 417 1027 totumcnelum**)
427 963 453 1009 et
463 956 599 1009 mundum
609 957 639 1008 in
649 955 731 1010 linem
742 953 858 1023 felicem
871 957 971 1030 dirigit.

170 1031 205 1086 Et
219 1032 278 1104 regi
292 1031 401 1086 nullum
415 1046 515 1084 nomen
529 1037 571 1083 est
580 1030 668 1102 magis
682 1029 819 1084 familiare
830 1047 921 1102 quam
932 1051 972 1103 pa·

171 1108 235 1161 tris:
253 1123 336 1178 quern
347 1105 421 1161 enim
430 1104 591 1158 relationem
601 1121 650 1176 per
660 1106 935 1176 consanguinitatem
945 1107 970 1161 ad

171 1179 346 1238 filiosleruut
354 1187 455 1252 patres,
471 1196 531 1234 eam
542 1197 592 1234 rex
602 1179 636 1233 ad
647 1180 796 1243 civitatem,
807 1181 838 1234 et
849 1182 889 1237 ad
899 1200 971 1237 mun·

172 1256 239 1312 dum
248 1256 328 1312 deus.
363 1251 580 1326 Quamobrem†)
592 1253 665 1325 apud
675 1254 911 1325 probatissimum
921 1259 971 1312 lau·
1004 1297 1005 1300 ,

171 1331 402 1402 (latissimumque
415 1338 557 1401 puetarum
571 1330 717 1384 Homerum
729 1339 806 1397 puter
819 1327 942 1387 virbium
953 1341 972 1385 rt
1004 1325 1005 1388 l

171 1411 277 1462 deorum
291 1414 403 1481 vocatus
419 1404 472 1459 luit
484 1405 621 1475 luppiter,
645 1403 714 1458 duas
729 1421 772 1458 res
784 1407 905 1462 omnino
915 1407 972 1480 pul·
1004 1389 1005 1468 l

171 1480 321 1534 cherrimus
337 1490 449 1536 naturae
463 1477 658 1536 illiimmobili
673 1478 753 1552 quasi
769 1478 878 1552 legeac
888 1477 972 1537 iridis-

126 1580 131 1589 ·
171 1555 285 1609 solubili
295 1556 397 1610 unione
411 1563 555 1625 coaptans,
595 1556 760 1625 rincipatum
774 1554 863 1612 simul
876 1568 905 1613 et
914 1575 972 1630 pro

171 1628 333 1684 videntium.
372 1629 444 1684 Nam
457 1630 532 1684 sicut
544 1572 753 1705 &desperatos
769 1626 842 1693 filios
859 1649 918 1688 non
928 1633 972 1687 de-

170 1711 266 1758 serunt
274 1711 415 1776 parentes,
436 1698 486 1757 sed
500 1704 612 1758 miseria
622 1704 683 1775 ipsa
693 1702 903 1761 miserationem
912 1724 972 1779 pre
1003 1755 1004 1767 ,

169 1786 284 1833 vocante
298 1794 390 1831 curam
407 1777 541 1832 adhibent
554 1778 683 1843 stolum,
705 1778 872 1835 arbitrantes
884 1783 972 1837 insen·
1003 1790 1004 1815 t

170 1870 262 1908 sorum
283 1861 364 1923 atque
382 1851 604 1923 implacabilium
627 1854 803 1908 inimicorum
826 1859 971 1928 proprium

171 1944 245 1993 esse,
256 1927 398 1982 miseriam
406 1927 487 1998 quasi
496 1927 618 1999 pedibus
628 1929 801 1991 conculcare,
818 1932 970 1995 amicorum

169 2020 235 2060 vero
250 2011 277 2058 et
291 2002 415 2057 cilinium
431 2002 551 2057 allevare
569 2004 691 2075 lapsum:
717 2020 772 2075 quo
789 2001 833 2067 fit,
859 2015 892 2059 ut
911 2008 968 2061 istis

171 2078 302 2152 scepei-l)
312 2078 401 2151 magis
411 2094 494 2149 quam
505 2078 637 2133 modestis
648 2078 748 2133 sobriis
760 2078 895 2149 largiores
908 2081 968 2135 fiant
1003 2126 1004 2151 ,

172 2174 203 2209 ac
215 2154 301 2209 multa
312 2152 470 2217 subsedeat,
482 2153 549 2208 sutis
561 2153 674 2217 conscii,
690 2152 763 2225 quod
774 2152 832 2206 illis
843 2155 967 2210 validum

171 2248 203 2286 ac
216 2245 348 2304 maguum
362 2227 520 2284 subsidium
540 2228 613 2282 vitae
628 2236 669 2283 est
689 2228 885 2299 temperentia,
910 2230 966 2285 istis

169 2323 235 2361 vero
245 2322 308 2377 spes
318 2321 374 2359 una
383 2312 508 2375 parentes
519 2310 596 2365 sunt,
617 2318 672 2373 quc
687 2304 711 2357 si
722 2303 881 2374 priventur,
904 2305 967 2359 bae-

169 2382 254 2435 sitant
263 2380 298 2434 de
307 2379 480 2435 necessariis.
520 2376 567 2432 Sic
580 2374 649 2431 deus
659 2393 783 2448 quoquc,
804 2378 872 2449 quia
886 2381 966 2435 ratio-

219 2518 241 2565 ²)
255 2517 288 2558 cr.
301 2520 453 2567 mmmmm
465 2528 493 2556 ax
503 2517 584 2557 Bucen.
599 2526 664 2565 supra
676 2516 737 2556 Tem.
751 2516 789 2556 vl.
802 2528 825 2566 p.
838 2518 877 2557 2⁰9
886 2529 914 2559 ss.

218 2584 254 2630 ⁸¹)
270 2580 323 2624 cod.
335 2584 396 2625 Arm.
409 2589 495 2624 mm.
520 2582 601 2622 Auen.

193 2657 196 2663 ’
217 2650 237 2694 t)
260 2648 337 2690 citatio
350 2651 438 2691 Homeri
450 2651 557 2690 omittitur
568 2649 626 2699 apud
639 2649 765 2689 Eusebium.
791 2650 872 2692 anon.

145 2765 147 2767 v
218 2715 249 2760 tt)
271 2724 289 2754 ¹·
303 2717 393 2757 summ
406 2720 486 2767 tapsum
498 2726 560 2766 saepe
572 2717 672 2757 coaceatt.
699 2714 781 2758 Ancb.
