2050 3100
187 213 233 268 tlt
407 216 590 264 ruinosam
613 207 752 263 mnam
779 185 784 190 ’
882 213 978 281 [ψει]

184 321 287 377 sidenti
300 319 431 374 nimirum
445 325 601 391 argentum,
621 326 650 371 et
661 316 804 388 elephanti
818 317 978 392 dignitatem

184 397 268 469 primi
283 394 404 450 hanonie.
442 392 577 459 Quoniam
590 407 656 446 vem
668 391 810 446 Patroclus
823 394 977 449 transii-ete

185 473 228 527 vit
237 471 370 526 desiliens
379 470 409 523 in
419 483 542 530 amnem,
556 466 596 521 ita
604 473 636 520 nt
645 465 773 521 andseter
782 471 938 523 transimus
945 469 977 522 lt·

186 548 267 609 emit,
288 559 372 616 quem
385 543 472 596 seenti
487 550 515 596 et
526 541 575 596 alii
584 542 763 604 transierant,
785 541 854 597 ideo
865 545 928 614 ipse
936 544 977 598 ln

186 637 279 675 norem
288 624 491 672 assecutaasest.
522 616 611 688 Aegre
619 615 651 670 id
659 615 819 679 tulitdiu,
837 620 976 690 senensi

185 703 295 748 veretur
307 691 454 763 dignitate,
475 699 533 746 tam
546 689 679 745 molestas
691 698 719 744 et
731 691 870 762 agitatam,
891 693 976 746 detm-

184 768 249 823 bare
259 774 346 821 tatum
354 765 481 820 ordinem
491 765 751 828 esstmrumwlnit‚
769 766 812 819 ita
823 774 860 821 nt
875 768 976 822 videta·

183 850 228 897 tur
246 841 379 912 eonqnetl
395 857 427 896 se
441 841 604 896 deteriem
616 840 738 894 evasisse
751 841 916 896 Telamonis
927 842 976 896 lilio

184 917 220 972 ab
231 931 305 970 arma
315 914 434 970 Achillis
442 915 571 970 similiter
579 914 710 969 iumtm:
738 914 886 984 siquidem
897 916 976 971 litem

185 992 284 1064 plenus
298 1000 326 1047 et
340 990 452 1045 rebellis
461 992 491 1044 in
501 991 601 1045 itinere
609 990 680 1044 aein
689 989 786 1043 eastris
795 989 977 1048 intolerabilis
1005 1026 1006 1031 κ

184 1076 254 1131 erat,
274 1066 454 1140 ignominiam
469 1063 762 1137 effugiensetglariam
770 1071 897 1133 petens.¹
925 1067 977 1121 llti-
1005 1060 1006 1081 *

184 1151 289 1198 namet
304 1139 384 1195 homo
397 1140 461 1194 talia
476 1139 588 1202 inisset,
607 1146 639 1193 nt
654 1154 708 1192 nen
721 1137 812 1192 aotam
823 1138 979 1196 fortitudini

184 1216 368 1288 aequitendaa
381 1215 517 1277 studeret,
538 1214 728 1268 verumetiam
734 1213 979 1283 sequelamvirtn·

184 1294 220 1348 tis
232 1293 349 1348 feliciter
358 1290 475 1364 optaret!

241 1419 285 1473 60.
307 1417 379 1474 Eece
394 1415 468 1470 enlm
481 1411 616 1486 quaedam
631 1413 778 1466 animantia
797 1423 911 1484 praeter
929 1418 980 1470 iam

186 1491 274 1548 dietas
284 1494 413 1557 virtutes,
428 1489 563 1544 iustitiam
571 1488 654 1543 etiam
663 1503 728 1561 prae
737 1504 767 1542 se
776 1488 920 1556 tulerunt,
935 1509 980 1545 na-

183 1570 282 1632 tantia,
307 1567 443 1623 terrestria
458 1573 484 1621 et
499 1566 585 1620 aenea.
627 1562 858 1635 Quandoquidem
875 1567 936 1621 iam
953 1570 981 1621 in

183 1644 298 1697 marinis
307 1642 410 1697 Pinnae
425 1648 452 1695 et
465 1638 592 1695 satellitis
604 1639 664 1693 eins
675 1640 798 1710 aequitas
808 1640 838 1693 in
847 1641 981 1698 societate

184 1714 327 1773 manifesta
346 1724 400 1785 est3
438 1714 647 1770 contubernium
664 1714 739 1768 enim
756 1730 908 1772 eemmnne
927 1718 982 1772 eibi

184 1790 286 1847 hebent
299 1798 325 1845 et
339 1789 490 1861 aequaliter
503 1806 567 1846 eum
580 1788 758 1844 distrihtnmt.
796 1789 879 1847 ldem
894 1792 982 1848 lanua

183 1863 341 1923 Trochilum
352 1882 383 1919 ne
392 1864 549 1936 Pompilnm
557 1865 588 1918 in
598 1862 721 1919 confesso
729 1872 770 1918 est
782 1865 860 1936 apud
873 1884 981 1931 omnes,

183 1941 233 2013 qui
243 1940 362 1995 minores
372 1940 408 1994 iis
418 1942 624 2013 comperiuntur
633 1939 662 1994 in
671 1939 729 1994 vita
739 1942 894 1997 eommuni.

238 2069 281 2121 dl.
299 2062 335 2140 [*]
347 2067 419 2121 lnter
429 2066 556 2121 volumen
566 2074 658 2121 antem
666 2065 713 2120 vel
721 2066 982 2138 ipaameupseman
1006 2053 1007 2102 ³

183 2143 318 2198 iustitiam
332 2142 437 2196 ciconia
451 2140 632 2205 demonstrat,
651 2142 938 2212 parentatum,
959 2153 984 2198 et

184 2219 276 2274 statim
285 2226 317 2272 nt
326 2217 396 2273 alata
410 2215 506 2283 inerit,
528 2215 636 2271 nnllam
647 2216 723 2270 aliud
732 2232 801 2287 apua
811 2216 871 2271 sibi
880 2235 983 2290 pinpo·

183 2310 265 2359 nens,
286 2301 432 2365 antequam
446 2292 548 2366 gratias
560 2290 694 2347 mtribnat
704 2290 982 2349 etbeneiaeientibua

183 2369 240 2423 sibi
252 2369 329 2423 vieea
342 2367 449 2423 reddat.
485 2366 589 2423 vanam
599 2365 762 2438 hnepariter
771 2369 982 2424 ettenestrinm

184 2443 277 2513 aliqua
296 2455 558 2515 agera'perauasmn
578 2449 630 2496 est.
667 2442 736 2495 Nam
755 2442 806 2495 etsi
828 2444 983 2515 nequinam

182 2518 307 2569 omnium
316 2518 371 2587 ipsi
382 2524 491 2569 naturas
501 2514 623 2587 preferre
631 2532 684 2570 nee
693 2516 808 2571 lustrare
817 2532 916 2588 nequa
925 2536 984 2573 ear·

182 2589 238 2641 tine
249 2590 392 2661 indagare,
404 2598 509 2661 oportet
518 2597 609 2644 tamen
620 2589 703 2645 fidem
712 2598 851 2660 praestare
860 2594 986 2649 testibus

181 2662 335 2716 manifestis
348 2665 377 2716 in
393 2664 442 2726 iis,
462 2680 534 2733 quae
542 2664 598 2735 ipsi
608 2681 662 2718 nnn
672 2664 811 2719 videntne.
850 2665 986 2739 Aequum

181 2740 221 2783 eet
241 2735 354 2801 quidem
373 2752 427 2791 nen
447 2738 603 2802 nonnulla,
622 2737 675 2792 aad
693 2739 832 2812 univeiaia
849 2743 986 2812 partibus
