2050 3100
72 146 107 213 [1,
118 144 177 210 lid]
274 150 343 196 ΜΒ.
361 152 411 198 DE
429 151 672 200 Autumnus.
825 147 868 201 llil

29 316 36 323 μ
71 251 113 306 ad
126 249 252 322 singulas
264 267 310 305 res
322 251 374 305 rite
390 251 565 323 exponendas
585 250 868 318 accommodationem,

28 326 37 399 J
70 327 131 380 hon
151 340 184 379 eo
202 323 460 395 modoprohabiter
474 325 545 380 mihi
559 325 657 390 fateor,
677 342 732 395 quo
746 325 869 383 homines

30 403 38 426 ³
72 398 181 455 modici
190 399 347 455 intellectus
356 400 444 455 solent
454 400 531 455 adire
540 417 618 465 eum,
639 400 689 471 qui
703 399 871 472 inpromptu

27 482 37 503 ²·
71 474 249 544 habetquasi
259 490 308 545 per
318 475 531 530 incantationem
540 473 807 543 allicereauditores3
820 474 871 529 sed

70 548 211 603 veraciter
220 548 307 612 dicta,
322 558 392 603 utre
403 549 503 621 ipsese
512 550 627 615 habent,
642 547 798 621 indagando
808 566 871 619 per-

25 636 29 656 ³
70 622 209 696 pendam,
228 624 284 677 imo
302 624 391 696 magis
408 624 573 680 ventilatum
591 626 735 680 universos
755 624 870 679 verbum

24 719 34 732 ²
71 697 210 753 edocebo:
240 714 306 752 cura
321 699 395 752 enim
409 699 479 753 mihi
494 708 535 754 ast
549 716 603 753 non
618 700 798 770 persuasoriis
808 714 871 757 ver·

23 798 31 808 =·
69 774 174 829 horum
194 789 302 845 semper
316 772 559 828 adinventionibus
572 775 662 842 vinci3
683 790 772 844 neque
789 774 869 828 etiam

23 853 25 883 ἓ
70 847 170 918 nepoti
183 855 274 902 nostro
287 864 323 902 ex
340 847 422 903 fratre
441 847 523 903 fidem
542 849 672 919 praehere
692 849 756 902 licet
775 849 803 901 in
824 848 868 912 iis,

22 919 31 956 s
69 938 148 993 quae
158 922 277 992 scripsit,
289 931 435 993 antequam
445 922 569 994 opposita
580 922 681 977 certius
690 923 781 977 sciret.
799 923 871 976 llaec

21 1004 22 1021 ³
70 999 183 1067 itaque,
198 997 222 1051 si
232 1005 311 1051 vacat
321 998 372 1052 tihi
383 1006 505 1069 tempus,
518 998 629 1051 iamiam
638 1013 819 1052 rememorans
832 994 868 1070 [Ἴ

21 1065 30 1101 ²
71 1070 221 1140 enarrab03
260 1072 304 1125 sin
323 1081 414 1127 autem
433 1074 629 1144 procrastines,
654 1087 778 1127 sermone
797 1088 871 1126 nunc

20 1151 24 1156 ’
69 1148 228 1219 interrupto
241 1146 341 1203 iterum
355 1156 508 1221 opportuno
522 1156 643 1221 tempore
658 1145 792 1202 dicemus.

19 1251 25 1260 ’
129 1255 173 1309 76.
189 1255 394 1313 Lrsrrrsceus.
410 1256 470 1312 Non
480 1274 525 1310 me
536 1254 869 1320 credis,oPhilo,omnia

18 1329 24 1390 ’,
70 1337 249 1385 contemnere
259 1330 295 1385 ob
305 1329 475 1385 desiderium
485 1330 870 1402 disciplinaecupidinemque

17 1446 25 1462 ,2
69 1404 214 1469 veritatis,
235 1405 343 1461 ethaeo
356 1414 481 1479 prompte
495 1415 523 1462 te
538 1405 651 1461 docente
664 1405 735 1462 ultro
745 1422 789 1461 me
798 1404 870 1461 velle

16 1540 17 1545 ἵ
67 1478 190 1535 audire‘l

131 1591 175 1644 77.
195 1590 298 1645 Pario.
318 1589 469 1660 Equidem,
484 1589 686 1664 oLysimaohe,
697 1599 829 1662 quantum
840 1591 869 1644 in

67 1682 119 1721 me
134 1672 188 1728 est,
208 1665 435 1736 promptissimus
446 1681 518 1718 sum.
558 1666 598 1720 Tu
612 1671 702 1720 tamen
716 1666 867 1729 considera,

68 1741 116 1795 sic
126 1738 318 1813 interrogando
328 1748 355 1795 et
363 1739 543 1810 explorando,
564 1741 588 1794 si
603 1741 730 1795 nolumus
744 1741 869 1796 aberrare

16 1826 18 1831 ’
70 1834 89 1870 a
105 1830 184 1868 sacro
197 1814 325 1879 oonsilio,
346 1822 439 1869 utrum
453 1832 519 1887 apes
534 1822 560 1869 et
575 1832 687 1871 araneas
701 1815 776 1888 (puta
795 1814 869 1886 quod

68 1888 205 1945 textrices
219 1889 287 1944 istae
299 1897 377 1955 sunt,
398 1890 462 1945 illae
478 1891 571 1944 levum
581 1891 671 1946 mellis
681 1890 782 1962 creant)
792 1892 869 1945 iuxta

71 1965 178 2019 ertisne
186 1962 351 2018 industriam
360 1964 531 2036 ingeniosam
542 1964 580 2036 (id
588 1965 706 2039 iaciant),
720 1983 754 2020 an
765 1964 869 2034 absque

70 2039 181 2094 ratione
193 2055 243 2108 per
258 2039 392 2093 actionem
411 2038 580 2094 naturalem?
608 2039 752 2111 Siquidem
772 2038 868 2093 horum

70 2114 197 2177 omnino,
209 2115 234 2168 si
244 2121 349 2184 oportet
358 2130 454 2168 verum
462 2112 550 2178 lateri,
563 2113 734 2170 admirabilis
745 2111 869 2166 habenda

72 2188 236 2259 diligentia,
258 2204 328 2258 quae
343 2194 432 2242 tamen
442 2205 495 2243 non
507 2206 522 2242 a
533 2188 679 2260 disciplina
689 2186 807 2240 deducta
817 2191 867 2238 est.

70 2261 118 2318 Ad
128 2261 198 2332 quid
211 2261 285 2317 enim
300 2260 462 2333 disciplina,
484 2278 567 2333 quam
578 2278 631 2315 non
642 2258 785 2331 praecedet
795 2274 870 2312 com-

69 2335 224 2410 prehensio
237 2337 383 2401 scientiae,
404 2335 479 2408 quod
492 2343 598 2407 oportet
611 2351 671 2389 esse
684 2333 782 2388 artium
791 2333 869 2403 prin-

70 2409 200 2484 cipium?
231 2411 360 2483 quoniam
380 2428 423 2467 ars
443 2419 484 2466 est
503 2410 627 2464 collectio
647 2405 869 2462 concordantium

70 2494 217 2557 concepta.
253 2553 257 2560 1

133 2596 176 2648 Ἷ8.
209 2595 304 2665 ltaque
327 2593 447 2664 exempli
471 2606 553 2646 eausa
571 2591 696 2646 volueres
715 2587 803 2643 solent
820 2606 869 2660 per

69 2673 168 2727 aerem
181 2668 288 2733 volare,
309 2668 440 2740 aquatilia
458 2673 563 2728 natare,
586 2673 612 2721 et
628 2662 708 2738 gradi
721 2664 868 2719 terrestria.

998 2581 999 2615 r

997 2621 999 2665 l

996 2777 997 2826 l
