2050 3100
165 199 195 251 rs
248 201 344 247 curn.
363 202 440 248 run.
461 193 966 265 annsr.nrsor.[11‚or.1re.]

162 319 246 374 quam
258 300 399 370 lampades
409 301 493 372 ignis,
506 300 622 355 virtutes
633 299 784 354 velociores
795 300 824 352 in
837 295 873 372 [*]
886 309 965 354 motu

163 376 400 445 efficacioresqne‚
422 374 552 428 ardentes
565 391 632 428 sene
644 373 723 428 velut
734 373 811 444 ignei
822 389 966 430 sermones

163 451 267 514 divini,
291 449 373 504 modo
384 449 547 505 universnm
562 455 649 505 totum
669 463 763 500 secum
782 448 903 501 invicem
917 449 966 502 in-

163 535 242 602 tegre
250 531 405 587 servantes,
420 522 502 587 modo
512 538 744 593 supervacaneam
753 521 902 592 caliginem
912 538 966 576 ex-

162 607 324 672 purgantes.
361 597 558 656 Verumtamen
572 597 683 670 proprie
698 612 730 652 ac
741 593 911 652 familiarius
921 605 967 650 ta-

164 674 200 728 lis
214 683 257 730 est
269 669 412 732 reddenda
426 672 508 727 ratio:
539 671 662 727 Humana
681 670 737 724 vita
747 669 849 727 similis
860 677 900 724 est
910 669 967 724 cli-

163 749 235 802 bano
249 743 379 810 fumanti,
401 762 433 801 eo
447 743 523 816 quod
538 761 592 798 non
607 743 691 800 habet
704 745 799 872 ipnem
815 759 918 817 purum
936 753 968 800 et
1015 773 1016 780 κ

164 823 258 876 lumen
272 819 406 883 nitidum,
427 819 477 872 sed
493 818 601 872 fumum
616 818 718 888 multip
731 819 801 872 icem
818 833 867 888 per
884 814 967 871 flem-

164 913 237 953 mam
250 895 398 955 obscurius
413 891 579 956 fumantem,
601 909 671 964 quae
686 892 834 966 caliginem
845 899 968 946 actene-
1015 927 1016 930 =

163 971 227 1024 bras
237 967 304 1024 facit
313 974 395 1039 atque
404 965 623 1022 obscurationem
634 983 689 1024 non
699 966 829 1036 corporis,
842 963 891 1019 sed
903 967 968 1020 sni-

163 1061 237 1108 mae‚
253 1045 291 1099 ita
301 1050 333 1097 ut
342 1059 396 1096 non
408 1041 489 1096 liceat
499 1039 567 1094 huic
576 1039 665 1094 nitide
675 1056 808 1105 cernere3v
822 1038 909 1093 donec
919 1057 968 1094 re-

163 1119 289 1190 demptor
299 1117 369 1172 deus
379 1117 509 1170 coelestes
521 1115 586 1168 oriri
597 1113 691 1168 iubeat
701 1111 855 1185 lampades,
867 1115 968 1184 purio—

163 1211 207 1248 res
221 1195 341 1266 inquam·
350 1188 769 1260 sanctioresqueirradiationes,
787 1203 858 1258 quae
868 1188 897 1240 in
908 1187 968 1243 dno

164 1269 270 1323 divisas
283 1268 348 1322 illas
361 1275 452 1338 partes
466 1265 640 1319 dextrorsum
655 1270 682 1317 et
695 1262 884 1316 sinistrorsum
899 1263 969 1316 uni-

163 1343 309 1396 untsimul
319 1341 534 1402 reilluminare,
557 1338 714 1392 hermoniae
725 1345 751 1392 et
762 1336 870 1390 lucidae
881 1335 968 1390 clari-

120 1462 124 1469 .
164 1417 228 1468 tetis
238 1431 336 1468 causae
347 1415 522 1468 exsistentes.
605 1416 606 1420 ’

166 1592 216 1641 Cur
233 1593 333 1647 deon:
362 1592 419 1660 „In
437 1593 475 1645 dic
492 1592 535 1645 illa
553 1602 713 1649 testamentum
728 1592 808 1658 poscit
821 1608 872 1643 cum
885 1590 968 1641 Abra-

232 1659 313 1722 ltumo,
338 1658 431 1708 dicens:
458 1658 551 1709 Semini
568 1669 607 1708 mo
626 1658 688 1708 dabo
707 1668 794 1708 terram
812 1658 873 1707 hanc
890 1660 969 1720 aflu-

231 1724 520 1857 mqrpassppttiepeqac
547 1725 583 1774 cti
598 1727 691 1787 flumen
716 1741 826 1789 cooptatur
850 1724 969 1789 Euphra·
1015 1802 1016 1809 ἵ

224 1913 264 1963 ro.
290 1910 392 1968 Littera
406 1909 475 1966 fines
488 1908 571 1979 spatii
592 1908 713 1967 delineat
732 1910 921 1967 interiacentis
937 1910 968 1967 in

165 1980 257 2041 medio
282 1983 424 2040 amborum
445 1981 594 2041 fluviorum
613 1982 731 2059 Aegypti
752 1991 778 2039 et
795 1983 966 2057 Euphratis3

165 2075 229 2112 nam
252 2058 405 2128 antiquitus
425 2056 618 2133 homonymice
641 2074 705 2113 cum
728 2057 841 2132 regione
860 2054 969 2113 fluvius

165 2148 275 2205 quoque
285 2130 427 2207 Aegyptus
437 2130 643 2203 appellabatur,
663 2129 738 2205 quod
752 2139 867 2191 testatur
881 2132 970 2187 etiam

164 2213 244 2277 poeta
255 2204 364 2263 dicens:
387 2206 459 2265 Stctc
468 2212 498 2264 ia
506 2208 586 2271 fluvio
595 2207 708 2277 Aepppto
718 2223 795 2271 ncces
807 2224 841 2261 ear
853 2215 970 2275 utraque

163 2288 239 2347 purte
250 2279 494 2350 transfretantem).
535 2277 578 2333 Ad
590 2276 628 2355 [Ἴ
640 2287 761 2337 mentem
771 2296 836 2353 vcro
846 2278 971 2337 felicita-

164 2361 219 2406 tem
235 2355 344 2417 annuit,
366 2371 437 2425 quae
452 2362 494 2408 cst
507 2351 628 2424 perfecta
646 2352 790 2425 plenitudo
810 2353 969 2423 triplicium

163 2426 307 2490 bonorum,
319 2428 508 2497 spiritualium
518 2444 627 2502 nempe,
641 2428 824 2503 corporalium
836 2434 862 2481 et
873 2434 970 2481 exter-

164 2518 275 2561 norum:
297 2509 328 2557 ut
338 2500 420 2560 leude
430 2501 569 2560 celebrent
580 2518 640 2557 eom
651 2500 777 2560 nonnulli
788 2516 897 2565 eornm,
916 2502 968 2573 qui

214 2675 235 2721 ὓ)
246 2665 320 2737 'Hom
338 2673 417 2726 odyss.
435 2674 465 2721 14,
483 2674 534 2715 iifl:
561 2674 629 2719 Σῑῆσα
642 2668 661 2710 δ’
675 2672 696 2711 ir
707 2667 806 2721 Λίγῦπιῳ
819 2674 909 2723 ποταμῷ
922 2671 970 2719 νέας

165 2715 306 2772 caputium.
