2050 3100
53 188 173 262 [nate]
229 198 269 243 iu
291 198 470 245 annnam.
492 198 620 244 annuo
639 199 685 246 1v.
819 191 865 244 tte

53 301 127 354 viris
147 297 325 370 sapientibus
344 298 508 373 perpolitus,
539 302 580 354 sic
599 296 755 354 censendus
775 306 817 352 est
839 306 866 352 et

54 375 219 431 intellectus
238 372 386 444 proficiens
405 376 527 447 recipere
546 374 780 446 perseverantiam
794 383 867 428 tam-

54 467 142 522 quam
162 448 382 521 speculationem
402 448 457 520 (vel
470 449 756 522 contemplationem).
796 450 865 503 Nem

56 533 172 597 propter
183 540 275 579 moras
285 524 447 595 atexempla
460 522 496 598 [Ἴ
510 526 695 596 virtutesque,
709 530 866 579 nouantem

57 600 93 745 pb
113 607 221 746 creptos
242 606 375 669 natosque
394 598 521 653 homines
539 602 665 670 quaestio
684 607 725 654 est
746 598 867 670 theologi

67 676 177 731 nostri.

80 830 163 889 Quare
182 830 254 881 dicit:
281 829 379 893 „Isaac
396 830 464 880 uadit
477 847 525 895 per
543 830 658 881 decanum
676 832 745 882 iustu
753 842 850 896 puteum

324 895 460 947 vt'aionie“t
482 903 535 963 (24,
551 897 606 963 62.)

119 1004 179 1055 438.
210 998 234 1053 0
252 996 305 1055 deo
323 1000 467 1055 decantem
484 1000 744 1071 contemplationem
757 1001 869 1055 intelle-

63 1076 242 1147 ctionemque
253 1074 447 1147 dignissimam
457 1084 540 1146 atque
550 1076 781 1147 speculationem,
797 1092 869 1145 quae

62 1150 150 1223 digna
173 1157 232 1205 erat
255 1157 286 1204 ut
307 1145 415 1221 s'emper
438 1167 501 1205 cum
525 1151 639 1204 canticis
661 1158 866 1210 memoraretur,

63 1241 182 1297 eamque
201 1224 349 1295 optimam,
369 1241 453 1294 quam
471 1225 546 1279 oculi
564 1226 687 1296 corporis
705 1221 801 1277 videre
820 1240 870 1275 ne-

63 1299 186 1371 queunti
228 1296 338 1369 Apertis
357 1315 422 1371 ergo
440 1299 531 1354 oculis
548 1299 605 1353 tuis
624 1296 833 1370 spiritualibus,
853 1314 870 1350 o

64 1392 159 1438 mens,
184 1372 252 1429 vide
266 1372 362 1436 illum,
381 1375 432 1444 qui
447 1374 477 1427 in
491 1382 519 1429 ta
532 1382 574 1429 est
587 1389 637 1446 pro
650 1371 792 1443 exemplo,
813 1372 870 1424 lsa-

65 1466 161 1512 acum,
182 1448 280 1501 Risum
294 1448 590 1519 tristitiaeexpertem:
621 1464 698 1512 eum,
718 1448 768 1518 qui
787 1464 870 1517 super

65 1525 160 1580 omnia
174 1540 190 1578 a
204 1521 257 1578 deo
271 1521 341 1578 lacta
356 1524 418 1595 sine
430 1524 630 1597 interruptione
644 1522 746 1597 gaudet
756 1523 868 1596 iugiter.

65 1599 184 1656 Videbis
198 1599 273 1652 enim
291 1615 355 1652 eum
374 1617 387 1653 a
407 1601 574 1672 promiscuis
594 1616 625 1653 ac
643 1599 804 1670 procellosis
824 1616 872 1652 co-

66 1673 251 1748 gitationibus
270 1683 491 1745 praeservatum,
512 1691 566 1729 non
586 1673 695 1739 dubiis,
719 1671 768 1729 sed
785 1673 871 1727 firmis

67 1747 214 1821 gressibus
227 1757 254 1803 et
267 1748 353 1820 pedes
366 1757 547 1822 usurpantem
562 1749 712 1821 sapientia,
733 1764 804 1819 quae
818 1750 873 1802 im-

69 1826 163 1880 munis
173 1831 217 1878 est
226 1841 241 1877 a
250 1823 331 1878 malis
342 1824 577 1898 praegrandibus,
597 1823 632 1878 ab
646 1823 831 1878 ineruditione
846 1832 873 1876 et

69 1897 293 1970 indisciplinam.
340 1899 409 1954 Vide
427 1909 518 1954 autam
537 1916 601 1954 eum
620 1900 649 1952 in
667 1916 732 1953 vera
745 1898 873 1968 propria—

70 1991 123 2046 que
140 1980 221 2045 parte
239 1974 391 2045 sapientiae
411 1973 527 2048 aggredi
546 1974 716 2044 colloquium
725 1971 766 2044 *),
794 1973 874 2026 iuxta

70 2057 200 2119 puteum,
220 2048 324 2102 mirum
337 2049 452 2120 inquam
466 2067 497 2104 ac
510 2049 638 2104 divinum
652 2047 768 2110 fontem,
789 2063 874 2117 quem

72 2123 193 2179 visionis
203 2123 369 2194 appellavit,
381 2141 480 2179 nomen
491 2123 626 2179 familiare
635 2130 717 2194 atque
730 2122 875 2194 proprium

72 2199 217 2270 imponens
227 2199 301 2252 vitae
311 2199 499 2274 speculativae
513 2198 623 2252 vacanti
637 2199 678 2261 ai,
697 2196 752 2264 Qui
766 2197 828 2259 Est,
848 2203 876 2249 at

73 2269 293 2344 incorporalibus
311 2274 340 2327 in
361 2275 423 2346 ipso
437 2273 523 2337 ideis,
543 2289 615 2344 quae
628 2288 774 2327 mensurae
788 2270 874 2325 iactae

74 2356 136 2402 sunt
158 2347 307 2418 utriusque
332 2349 441 2403 mundi.
493 2346 683 2420 Intelligibilis
702 2347 777 2401 enim
796 2344 875 2399 illius

73 2433 266 2494 argumentum
286 2430 328 2476 est
346 2425 399 2477 iste
417 2430 444 2477 et
460 2431 622 2495 prototypus
637 2430 719 2492 atque
733 2419 875 2474 sensibilis

74 2494 206 2567 (mundi),
225 2497 256 2550 in
267 2512 503 2565 quonossumus,
524 2495 678 2550 secundum
687 2497 875 2562 incorpoream

75 2571 238 2638 mixturam,
265 2573 397 2641 quoniam
405 2570 504 2627 melior
513 2580 606 2626 nostra
615 2587 679 2642 pare
688 2568 724 2623 ad
734 2564 877 2636 superiora

126 2743 148 2790 ‘t
162 2741 307 2784 auratam
330 2747 424 2793 natan
437 2743 552 2786 acuatum
564 2740 694 2837 ιιιιιιιίιιὲιι·
720 2735 802 2773 anea.
