2050 3100
162 115 212 170 290
286 117 388 164 PHIL.
408 116 482 162 IUD.
504 115 666 174 QuamsT.
685 115 735 160 ET
754 114 835 159 sou
857 109 963 174 [imit]

163 215 389 280 semitertianae,
400 223 507 287 patrem
519 215 747 271 lilio-mandatum
756 214 834 280 dare,
844 215 964 286 despon-

163 309 223 348 sare
233 307 362 354 uxorem,
372 287 413 367 [³¹⁶]
425 307 496 362 quae
508 290 637 346 eiusbm
649 291 825 362 cognationis
838 291 888 344 sit.
926 287 964 342 tid

163 374 283 422 mentem
297 380 363 420 voro
379 365 533 438 symbolica
547 367 617 420 ratio
628 364 772 430 reddenda
780 363 963 419 itasehabet.

162 443 192 498 ln
204 441 322 514 oonsilio
330 449 505 512 congregato,
520 439 571 494 ubi
581 440 729 496 consilinm
739 447 833 494 aetum
840 448 896 501 est,
908 438 964 492 ani-

163 533 207 570 ma
217 513 286 570 dicit
295 515 404 570 meliori
412 516 499 586 parti:
525 514 964 585 Videsimpmbnmsnperteac-

163 590 313 646 cusationis
332 605 429 646 vocem
444 590 629 661 imposuisss3
660 606 710 644 our
726 605 794 661 ergo
813 588 921 651 tardas,
940 595 964 640 et

163 681 217 720 non
232 664 324 736 resilis
337 663 434 738 ,motui
462 664 599 731 Quoniam
613 681 679 720 vero
695 663 788 718 adbno
807 663 964 718 infirmiori-

164 740 216 794 bus
226 755 308 794 vaoas
322 739 464 794 laboribus
479 739 563 803 belli,
584 738 708 794 nondum
718 740 856 794 constanti
864 739 962 793 vuasto

162 831 178 868 o
215 831 293 878 rans,
314 822 346 868 nt
359 831 445 885 queas
460 831 598 887 opponere
610 822 639 868 te
654 830 686 868 ao
700 830 831 884 superare
845 830 896 884 par
906 821 963 866 stu·

184 891 243 943 ium
253 889 380 953 virtutis,
400 889 484 964 uada,
495 889 569 962 ,fuga
579 896 668 960 capta.
706 889 777 943 Nam
787 889 812 942 si
826 896 859 942 tn
871 885 960 959 procul

163 964 342 1038 transmigres
357 963 393 1018 ab
404 963 570 1034 huiusmodi
589 963 659 1027 fera,
669 1018 672 1027 ,
681 964 783 1018 molius
797 961 961 1032 <feliciusque

166 1035 249 1094 uitam
260 1037 402 1104 traduces,
423 1047 450 1094 et
460 1040 522 1094 eius
531 1038 612 1094 ardor
621 1039 869 1110 atqnefindignatio
879 1037 962 1090 malae

163 1113 266 1168 indolis
278 1113 461 1184 exitialesqua
471 1115 566 1168 irritae
576 1113 733 1168 cessabunt.
773 1112 849 1167 Vade
865 1118 962 1184 ergoet

162 1187 337 1259 profioisoero
356 1189 386 1242 ln
404 1189 644 1260 Mesopotamiam:
675 1187 845 1244 adverbum
865 1188 894 1241 in
910 1195 963 1240 ter-

164 1279 231 1328 ram,
244 1262 294 1318 ubi
306 1261 549 1335 deguntChaldaei
558 1270 584 1317 et
592 1261 747 1335 babylonii,
759 1276 789 1316 re
800 1269 892 1317 autem
902 1277 963 1315 vera

163 1339 192 1391 in
209 1337 334 1392 medium
346 1339 497 1393 terminum
511 1336 689 1392 habitationis
709 1337 821 1395 virtutis
840 1345 868 1392 et
886 1336 962 1391 mali-

165 1509 221 1565 filio
232 1510 300 1567 dicit
311 1512 489 1569 mandantem
498 1514 533 1570 ad
540 1513 725 1585 oopulandam
736 1494 851 1569 uxorem
859 1514 962 1587 proprii

163 1588 283 1657 generis.
317 1589 481 1643 intellectus
496 1590 710 1661 auspicialisest
721 1589 878 1654 relationis,
899 1606 963 1644 oon·

163 1658 260 1713 silium
275 1659 427 1715 bonarum.
441 1664 638 1735 mgitadonum
654 1678 772 1719 suarum
788 1664 964 1720 oonsoomdo

162 1733 271 1787 animas
284 1733 368 1788 eadat
380 1736 490 1790 meliori
501 1740 588 1809 partia
609 1738 964 1795 llidarrsiufaatnmadser-

164 1807 283 1870 sarium,
311 1808 368 1861 noli
378 1818 532 1876 ‘annotare
545 1843 548 1851 ·
559 1812 610 1869 sad
623 1814 855 1887 'exurgansulnm
876 1814 964 1870 adhuc

160 1880 253 1935 tiamis
258 1880 409 1937 doloribus
417 1886 509 1940 means
520 1903 578 1943 noo
589 1888 821 1944 dumumtamine
829 1890 963 1961 matram

163 1954 353 2011 fortitudinem
368 1957 606 2027 demonstrantes,
626 1980 689 2019 vneo
708 1964 747 2019 ad
762 1964 963 2019 retribuentem

160 2030 353 2100 praeualentas
367 2032 663 2093 lesunanusraasde.
697 2038 739 2094 ,Si
761 2040 837 2093 onim
852 2039 962 2112 longius

163 2104 249 2161 lanam
267 2107 444 2165 eonstitusris
465 2110 686 2177 buiatsbestiae,
712 2114 765 2169 tibi
779 2114 887 2169 malins
900 2115 961 2169 erit.

162 2178 196 2265 lli
207 2196 318 2266 quoqrae
328 2180 422 2253 (maro.
434 2186 720 2259 qrassuatanorssat
727 2189 963 2261 oanoapisosutiae

162 2262 296 2310 mstrnotu
307 2257 476 2315 malitiarum
486 2271 668 2326 evanescunt,
690 2265 746 2318 eris
759 2280 825 2337 ergo
838 2265 868 2318 in
878 2266 963 2320 Maso·

162 2332 295 2400 potamia,
316 2332 396 2386 vorbi
406 2336 494 2405 gratia
504 2336 535 2390 in
545 2337 871 2408 regions-Chaldaeorum
881 2347 907 2393 et
915 2340 963 2392 lia-

163 2402 283 2488 bylonis.
323 2403 402 2471 Quod
418 2418 459 2464 est
473 2417 566 2465 autem
580 2412 719 2483 integrum
734 2430 833 2467 verum
845 2430 877 2468 os
887 2414 962 2467 mali-

164 2485 218 2531 trae
230 2488 312 2550 atque
322 2482 448 2549 virtutis,
460 2494 606 2556 quae—sunt
615 2486 817 2543 meliorationis
827 2488 911 2543 latera
921 2489 962 2542 via

163 2549 296 2633 ‹luntaxat
309 2554 431 2627 diligens
450 2557 544 2631 (muru.
563 2558 698 2633 dirigens)
717 2570 765 2617 aut
783 2561 959 2621 beatitudine,

167 2622 230 2678 licet
244 2627 304 2697 ipsa
320 2631 397 2701 regio
406 2633 618 2703 Mesopotamiae
627 2636 699 2691 inter
709 2636 766 2693 duo
775 2634 891 2694 flumina
901 2653 961 2691 con·
1005 2671 1006 2698 r
