2050 3100
81 189 168 258 tum]
224 202 264 247 ru
284 201 460 248 cnunsrn,
480 201 607 248 annuo
626 201 671 247 nr.
816 193 848 247 at

79 300 264 355 ctaccusatione
281 303 420 358 existimat
434 302 538 357 bonum
552 301 718 358 servandum
737 317 797 356 esse
817 317 849 355 ac

79 385 192 438 rarum,
224 377 341 431 minime
362 393 429 433 rere
452 376 663 432 obliviscentem
691 376 847 448 coniugem,

77 460 162 517 semper
175 450 249 504 enim
262 467 329 505 eum
341 451 451 506 inducit
462 452 538 506 omni
548 451 722 518 veneratione
732 449 850 506 honora-

78 525 131 583 tum.
149 521 291 580 deminum
304 526 461 590 nominans.
498 526 603 582 Verum
621 533 772 581 esttamen
791 526 850 596 pri-

77 607 146 661 mum3
159 614 193 652 ex
201 615 258 670 quc
269 600 346 655 enim
355 609 476 671 tempore
486 601 616 656 ancillam
622 599 700 656 dedit
708 600 734 654 ei
744 609 774 654 nt
785 616 851 656 cen-

76 666 194 737 wbinam,
212 673 324 746 despici
333 682 428 745 putata
437 674 560 746 est'ipsa.
599 676 717 732 Litterae
731 674 794 730 talis
810 682 852 728 ast

75 756 161 798 temus.
198 746 242 803 Ad
259 757 382 805 mentem
395 765 474 805 vero:
499 748 615 816 Quando
629 751 693 820 quis
708 749 785 804 dabit
800 747 851 820 (al-

75 815 121 898 teri)
137 823 287 892 sapientiae
308 823 453 888 ancillam,
478 824 594 880 consilio
609 824 658 880 illa
673 824 851 896 sophismatis

75 902 181 958 ignorans
199 896 344 953 dominam
363 897 511 968 despiciet3
543 897 653 970 quando
668 900 742 954 enim
756 915 853 971 possc-

76 960 130 1046 dtrit
150 969 207 1040 ipsa
231 973 477 1048 encycicpacdiam
500 989 534 1028 ac
556 972 707 1032 delectetur
730 973 852 1030 claritate

74 1051 131 1123 tlte:
160 1045 208 1100 ubi
228 1064 415 1119 unaquaeque
436 1049 613 1106 scientiarum
637 1047 718 1104 valde
742 1049 853 1105 attrahit

77 1125 173 1171 urnam
186 1120 214 1174 in
231 1139 277 1188 se,
299 1130 441 1193 tamquam
455 1122 561 1178 habens
576 1125 635 1178 vim
649 1123 784 1177 violenter
797 1133 853 1177 tra-

75 1181 153 1255 hendi,
171 1211 224 1249 non
236 1197 359 1269 amplius
369 1205 458 1268 potest
468 1197 580 1270 (aneilla
589 1196 648 1270 illa)
659 1213 689 1250 se
699 1197 779 1250 unire
790 1213 853 1250 cum

75 1256 174 1347 demina,
188 1270 249 1326 sive
260 1272 385 1345 imagine
394 1273 547 1344 sapientiae
558 1289 589 1330 ac
599 1271 719 1344 gloriosa
729 1271 789 1325 eius
800 1271 854 1324 mi-

75 1333 190 1411 rabilique
204 1344 308 1411 forma,
330 1346 417 1402 donec
433 1347 633 1418 superveniens
653 1352 749 1402 acutus
768 1343 854 1402 iudex

75 1423 160 1498 strum.
179 1420 452 1486 verbumdivinum,
471 1430 579 1492 separet
590 1429 617 1476 ct
627 1420 769 1494 disiungat
779 1422 854 1476 veri·

76 1487 160 1544 simlia
170 1509 184 1546 a
194 1497 319 1561 veritate,
327 1496 473 1569 mediaque
484 1497 519 1551 ab
529 1497 759 1571 extremitatibus,
772 1505 799 1552 et
809 1514 854 1553 se-

75 1561 170 1621 clledea
180 1573 337 1628 constitutis
346 1573 377 1627 in
390 1573 480 1643 primo
495 1572 605 1629 ordine:
630 1573 809 1645 quamobrem
824 1574 853 1625 in

74 1631 163 1694 ultimis
173 1643 253 1703 dicit:
278 1647 378 1703 iudicet
384 1650 450 1734 picus
460 1652 528 1703 inter
536 1666 575 1703 ms
585 1656 609 1723 ct
618 1656 650 1703 tc.

79 1784 145 1843 (im
156 1798 211 1851 dicit
220 1802 358 1853 Abraham:
377 1804 466 1868 „Ecce
479 1802 567 1853 aneilla
582 1813 623 1854 tua
636 1804 662 1855 in
675 1804 781 1855 manibus
795 1805 853 1865 tuis,-

122 1861 161 1921 fssc
175 1884 223 1919 cum
240 1871 297 1934 illu,
317 1871 432 1935 quomodo
450 1871 494 1921 riez·
505 1872 624 1935 placuerit
633 1876 666 1922 “t
687 1872 740 1938 (16,
756 1872 793 1937 6.)

95 2030 99 2040 ,
123 1962 160 2048 24
182 1970 304 2028 Laudem
324 1974 444 2030 eontinet
464 1974 554 2029 littera
574 1974 608 2028 de
623 1975 745 2045 sapiente
760 1972 793 2043 (s.
809 1990 854 2027 sa·
929 2006 930 2009 =

78 2039 183 2111 immi
200 2063 250 2102 nec
261 2048 336 2101 enim
346 2064 460 2103 uxorem
470 2065 549 2103 suam
560 2066 649 2120 neque,
660 2048 851 2113 concubinum,

80 2105 120 2159 ⁸011
129 2116 246 2175 mesilam
255 2123 351 2176 uxoris
361 2140 427 2177 suae
438 2122 510 2177 dixit
520 2140 593 2188 eam,
609 2141 680 2195 quaa
691 2142 705 2179 a
716 2142 745 2179 se
756 2140 854 2179 cence-

79 2190 150 2243 perat.
184 2191 318 2258 Quoniam
336 2214 402 2252 vero
422 2197 536 2253 videbat
554 2207 580 2253 et
600 2199 677 2254 illam
699 2199 855 2270 productri-

82 2265 141 2320 2242,
154 2279 203 2320 nen
212 2270 253 2325 ira
261 2287 330 2325 usus
339 2272 515 2329 exacerbavit
527 2268 563 2347 [*]
577 2272 747 2329 affectionem
757 2274 852 2335 animi,

83 2327 234 2418 ‘td—sedavit
248 2344 285 2417 (s.
301 2345 465 2415 prudentem
479 2347 622 2421 reddidit).
660 2350 748 2405 Locus
764 2357 855 2403 antem

84 2398 218 2493 iilegpriam
228 2420 349 2475 continet
357 2438 407 2491 per
420 2420 492 2477 illud
507 2428 535 2477 in
550 2426 683 2492 manibuc;
708 2424 803 2494 quasi,
825 2427 856 2473 ut

87 2479 222 2561 mileum,
250 2494 303 2549 sub
326 2495 486 2551 auctoritate
503 2498 656 2568 sapientiae
675 2497 789 2553 exsistat
811 2510 856 2547 so-

86 2546 185 2637 phim·
205 2568 277 2637 quod
286 2568 401 2640 quidem
410 2577 551 2643 tamquam
561 2588 596 2627 ex
606 2572 679 2627 sonte
689 2568 785 2624 eodem
796 2583 857 2621 sca-

86 2625 147 2710 mni
158 2638 203 2692 sed
211 2658 258 2711 per
267 2660 350 2699 unam
361 2652 476 2715 partem,
487 2663 542 2701 non
552 2645 668 2706 directe,
681 2650 771 2709 neque
782 2657 857 2693 ema-

89 2705 201 2767 naiunem
209 2715 343 2791 integram
352 2728 444 2776 servat
453 2718 600 2783 mundam,
616 2716 666 2775 sed
677 2713 778 2769 foetida
787 2728 857 2783 quo-
