2050 3100
63 255 190 325 [rates]
209 263 259 307 nu
277 261 554 310 suovrnrsurra
573 265 700 310 susino
720 265 751 310 11.
838 256 870 311 67

7 407 10 410 .
64 381 118 418 sua
128 362 189 417 sive
203 361 324 436 oracula)
339 363 506 419 dimiserunt
521 381 598 428 eum,
621 383 692 437 quae
706 383 760 420 non
774 365 870 420 multis

65 447 131 493 ante
141 438 217 492 horis
227 439 332 512 gloriae
342 441 466 511 speciem
477 439 614 505 ferebant,
633 449 695 496 ante
705 440 791 496 solem
802 441 871 513 ungi

66 522 95 569 et
111 513 198 568 lavari
213 531 229 568 a
243 513 350 587 love*).
389 514 466 582 Quae
480 516 557 570 euim
567 533 616 587 per
627 517 809 589 aenigmatica
819 517 873 570 ista

66 588 195 663 symbola
214 589 449 645 manifestationes
469 599 548 646 antea
568 590 655 646 iactae
675 591 796 655 fuerant,
823 609 872 662 per

66 681 151 736 opera
160 663 378 720 manifestiorem
388 675 554 737 acceperunt
565 666 662 732 fidem,
684 685 739 722 non
754 666 807 720 sub
818 665 873 720 fine

66 746 188 804 tantiam,
210 740 260 794 sed
280 742 363 796 etiam
382 741 417 796 ab
431 743 525 810 initio;
561 759 647 813 quum
662 752 753 798 tamen
772 739 807 816 [*]
824 741 873 796 ille

65 815 207 888 ignoraret
225 816 328 889 magis,
354 833 438 887 quam
457 834 572 888 corpus,
597 819 717 872 animam
736 817 792 872 sibi
812 833 873 871 esse

66 891 125 945 iam
144 907 318 961 suspensam.
367 891 598 963 Quandoquidem
618 911 726 965 semper
746 899 872 949 metuens

66 983 101 1020 ac
128 974 250 1020 tremens
278 966 487 1022 multitudinem
517 967 676 1022 invasorum
706 967 870 1039 agitabatur,

35 1109 40 1118 .
67 1048 142 1095 certe
152 1043 294 1106 conscius,
311 1042 387 1113 quod
396 1059 478 1096 nemo
488 1050 546 1096 erat
557 1043 676 1104 amicus,
693 1042 743 1112 qui
754 1041 873 1096 fideliter

67 1115 141 1171 bene
155 1116 198 1171 illi
213 1117 311 1182 vellet,
333 1117 383 1172 sed
392 1135 488 1172 omnes
498 1117 608 1171 inimici
619 1117 794 1172 insidiatores
806 1116 872 1170 mali

66 1192 100 1246 in
108 1191 262 1247 calamitate
273 1209 397 1247 summae
407 1193 529 1264 inopiae.

126 1269 169 1323 26.
200 1268 363 1339 Frequentis
383 1285 449 1322 vero
469 1285 501 1322 ac
523 1266 650 1321 assiduae
671 1265 818 1321 anxietatis
831 1273 873 1319 te-

66 1349 212 1406 messum,
233 1345 282 1417 qui
294 1343 403 1398 Siculas
420 1360 463 1397 res
479 1343 715 1414 conscripserunt,
737 1340 870 1404 dicentes,

66 1416 143 1489 quod
157 1417 241 1472 etiam
254 1418 332 1473 cordi
347 1435 397 1473 suo
411 1419 598 1491 gratissimam
613 1417 758 1488 coniugem
774 1433 873 1486 suspe-

66 1502 141 1547 ctam
151 1492 280 1548 habebat.
320 1493 406 1548 Cuius
417 1495 458 1550 rei
468 1494 581 1567 signum
590 1500 659 1557 erat,
681 1491 755 1564 quod
771 1492 873 1546 transi-

66 1579 129 1623 tum
137 1569 266 1624 introitus
276 1570 306 1624 in
317 1569 430 1634 cellam,
449 1587 505 1645 quo
515 1586 576 1624 eam
586 1568 670 1624 vellet
681 1567 754 1623 adse
764 1568 870 1631 venire,

66 1645 152 1699 iussit
166 1645 405 1709 sternitabulato,
428 1663 463 1699 ne
477 1646 662 1717 ignoraretur,
682 1643 792 1715 quando
803 1642 872 1716 (illa)

66 1718 104 1774 ad
121 1736 152 1795 se
165 1720 291 1784 intraret,
313 1720 363 1775 sed
378 1722 484 1792 crepitu
495 1720 652 1775 tabularum
661 1720 809 1792 sonituque
819 1737 872 1773 nu-

64 1810 120 1870 per
129 1796 316 1851 conculcantis
326 1797 405 1868 prius
418 1796 546 1868 proderet
561 1796 720 1850 adventum.
760 1795 873 1850 Adhaec

65 1888 125 1925 non
140 1870 230 1925 solum
245 1872 306 1925 sine
320 1871 461 1936 vestibus,
482 1888 580 1926 verum
598 1872 681 1926 etiam
702 1871 816 1927 detectis
836 1871 872 1924 iis

64 1945 211 2019 partibus',
227 1963 296 2019 quas
308 1963 363 2002 non
373 1946 474 2002 licebat
484 1965 500 2002 a
510 1948 580 2001 viris
590 1946 694 2011 videri,
715 1948 744 2001 in
756 1962 872 2017 conspe-

65 2030 145 2077 ctum
156 2038 238 2076 suum
249 2024 346 2077 venire
356 2022 484 2077 iusserat.
524 2022 665 2077 Praeterea
676 2023 806 2077 contiuuo
817 2021 873 2075 cir-

65 2113 135 2152 cum
149 2105 296 2153 excavatae
310 2106 388 2152 erant
401 2098 465 2153 viae
477 2098 631 2170 pavimenti
646 2099 675 2152 in
685 2098 805 2151 rusticae
815 2094 877 2149 fos·-

65 2189 116 2228 sae
127 2172 302 2229 latitudinem
314 2172 586 2245 profunditatemque
601 2174 740 2236 concisae,
762 2171 798 2226 ob
812 2186 872 2223 me-

64 2258 143 2312 tum,
165 2264 199 2303 ne
213 2250 278 2320 quis
293 2266 343 2320 pro
358 2248 470 2303 insidiis
485 2249 582 2304 lateret
594 2248 800 2309 inobservatus,
822 2244 871 2314 qui

63 2340 135 2378 sane
146 2332 193 2379 aut
207 2324 330 2379 saltibus⁴
340 2330 387 2378 aut
398 2321 434 2398 [Ἴ
447 2324 571 2397 longiore
585 2323 702 2379 transitu
717 2319 872 2392 deprehen—

64 2398 178 2465 dendus
191 2398 271 2455 foret.
311 2398 382 2466 Quot
389 2407 471 2471 putas
484 2399 570 2462 mala,
587 2398 636 2469 qui
646 2397 713 2451 haec
723 2410 872 2467 praecave-

64 2476 129 2539 har,
150 2482 340 2547 exspectasse,
362 2491 450 2546 quum
463 2475 532 2529 haec
546 2471 711 2527 moliebatur
725 2486 776 2541 pro
785 2485 872 2523 uxore

64 2567 193 2623 quoque,
216 2551 262 2605 cui
277 2550 472 2623 praecaeteris
488 2548 572 2603 fidem
590 2545 691 2601 habere
711 2541 872 2599 debuisset?

63 2626 150 2682 Porro
164 2626 277 2681 videtur
290 2642 364 2681 unus
379 2641 474 2680 eorum
488 2624 589 2687 luisse,
610 2622 670 2695 qui,
679 2620 803 2676 volentes
823 2635 873 2690 per

118 2768 141 2814 ¹)
154 2768 180 2807 Id
192 2768 284 2809 rorum
296 2770 319 2807 tn
333 2770 416 2808 somnis
428 2767 512 2806 viderat
524 2765 589 2814 paulo
603 2766 651 2803 ante
665 2764 787 2813 Polycrates
797 2764 818 2799 et
828 2760 873 2799 teu-

65 2826 101 2861 sta
115 2820 157 2860 sibl
171 2820 262 2861 ommari
276 2821 392 2861 arbitratus
406 2819 482 2859 tumst
509 2817 590 2856 Auch.
618 2866 665 2917 m
