2050 3100
60 247 105 312 [11,
118 243 180 308 isa]
256 247 296 294 ru
313 245 481 295 uxouun.
501 248 629 294 sunno
643 250 681 321 ¹11.
817 244 866 296 eie

58 355 123 407 Non
144 349 220 404 enim
239 357 329 404 motus
344 365 475 422 umquam
494 349 681 421 suspicionem
700 350 791 414 dedit,
816 351 867 406 sed

58 434 199 499 perpetuo
209 425 315 492 standi3
336 427 467 496 quoniam
481 423 559 480 firma
572 434 714 498 permanet
728 434 755 480 et
764 426 867 480 immu-

58 501 160 557 tabilis
176 508 273 554 natura
286 501 386 572 petris,
408 500 527 556 lucidior
541 517 573 555 ac
586 501 740 573 simplicior
749 502 863 566 unitate,

57 593 135 650 quae
155 576 238 630 unica
259 583 300 630 est
319 574 404 631 forme
424 576 628 631 similitudinis.
667 577 755 632 Unam
775 585 866 632 autem

57 653 180 707 unitatis
194 651 389 706 invariabilem
402 652 660 723 immutabilemque
677 660 803 706 naturam
820 652 863 707 dei

58 736 177 799 propter
186 725 368 781 substantiam
378 727 526 795 indicavit;
548 728 711 782 universum
723 744 789 782 vero
803 743 867 782 cae-

59 804 122 858 lum
137 801 192 856 sub
206 800 325 872 pedibus
341 803 412 858 entis
427 817 507 868 esse,·
522 803 589 873 quia
603 810 629 859 et
643 803 716 858 color
734 803 865 874 sapphiro

58 878 158 950 potius
181 877 283 931 similis
303 885 370 931 erat.
421 877 500 932 Later
526 886 616 932 autem
636 879 761 933 omnium
780 879 864 933 simul

57 950 208 1007 stellarum
222 960 264 1006 est
277 951 439 1016 laterculus,
461 950 557 1007 ordine
570 970 759 1018 numerorum,
781 954 865 1008 ratio·

58 1045 130 1082 num
145 1035 173 1082 et
189 1027 365 1082 collationum
379 1029 572 1092 concinnatus,
597 1028 665 1082 haec
679 1036 721 1082 est
737 1037 865 1083 constans

57 1105 241 1174 incorporeae
254 1103 357 1174 speciei
372 1102 527 1158 similitudo
541 1110 568 1157 et
583 1101 678 1157 iorma.
719 1102 864 1174 Siquidem

58 1176 254 1250 intelligibilis
264 1177 333 1232 caeli
344 1177 476 1232 sensibile
485 1177 625 1250 hoctypus
636 1185 677 1231 cst
686 1194 773 1247 purus
784 1186 811 1230 et
821 1176 865 1230 lu·
883 1232 889 1244 ,

59 1253 144 1308 cidus
155 1253 282 1317 omnino,
294 1251 386 1317 illins,
399 1267 482 1324 qnam
492 1251 657 1324 iampridem
668 1250 729 1305 dixi
739 1250 864 1305 divinem

59 1327 213 1384 essentiam
231 1345 262 1382 ac
281 1328 434 1399 portionem
453 1329 598 1382 meruisse.
637 1325 727 1392 Quare
746 1325 861 1379 dicitur:

58 1409 139 1473 quusi
157 1407 253 1472 specics
265 1405 420 1474 firmamenti
435 1409 564 1472 purlicia·
587 1401 719 1473 quoniam
737 1401 864 1471 incorpo-

60 1495 126 1532 reae
146 1478 254 1551 species
273 1477 422 1534 lucidiores
443 1487 507 1532 sunt
527 1486 554 1532 et
573 1477 712 1551 puriores,
738 1489 770 1530 eo
789 1475 864 1546 quod

59 1554 199 1609 essentiae
209 1554 343 1609 mixtione
353 1554 471 1609 carentis
482 1560 508 1609 et
521 1553 700 1625 simplicioris
713 1552 864 1625 perticipa-

59 1630 166 1685 tionem
190 1631 299 1684 sortitae
326 1629 438 1684 luerint.
482 1629 622 1684 Sensibile
639 1629 726 1701 igitur
744 1627 861 1691 caelum,

57 1705 265 1759 firmamentum
277 1710 416 1769 vocatum,
438 1702 506 1759 dicit
516 1704 678 1760 distinctum
691 1704 809 1776 aspecie
819 1703 864 1757 in·

56 1778 205 1853 telligibili
215 1780 250 1835 ob
259 1780 417 1852 puritatem.

102 1920 141 1985 [²]
180 1918 260 1977 Quare
278 1921 348 1971 dicit.-
376 1920 441 1985 „De
458 1921 538 1971 eicere
553 1920 686 1971 videntibus
702 1936 768 1971 neme
785 1935 821 1970 re.

206 1988 275 2039 cessit
293 1992 326 2054 (s.
347 1988 578 2054 despueremus
594 1991 649 2056 (tt,
665 1990 719 2049 11.)

117 2088 162 2141 38,
191 2087 292 2142 Littera
308 2088 506 2159 expositionem
525 2083 658 2160 habet**)
675 2079 878 2150 manifestam'

56 2160 136 2233 quod
146 2175 242 2216 omnes
252 2162 352 2235 integri
363 2163 464 2217 servati
475 2160 587 2217 luerint.
625 2160 668 2216 id
681 2170 800 2217 mentem
811 2176 861 2215 au-

57 2246 115 2293 tem
135 2240 218 2292 electa
235 2255 296 2306 pens
315 2238 469 2292 secundum
489 2237 609 2291 animam
628 2237 790 2292 immortalis
808 2244 858 2299 est,

57 2328 115 2383 quo
125 2309 166 2383 (in
177 2311 270 2385 quand
285 2313 411 2384 pervenit
426 2313 561 2384 sapientia
574 2319 601 2366 et
610 2313 699 2366 omnis
709 2313 812 2376 virtus,
834 2318 861 2365 et

109 2452 133 2499 θ)
160 2451 195 2491 Sic
208 2452 256 2493 cod.
270 2452 298 2499 Βς
327 2454 350 2493 id
362 2454 437 2502 probat
450 2457 472 2493 et
485 2452 589 2501 Georgius
602 2453 625 2491 in
637 2451 785 2501 supplemento
799 2449 860 2489 Glos-

58 2504 122 2549 ssrii5
150 2513 225 2542 verum
243 2504 290 2543 cod.
308 2502 325 2544 0
341 2515 384 2544 una
405 2515 453 2545 oum
473 2507 527 2543 text.
548 2503 608 2543 Arm.
631 2502 708 2542 Genes.
728 2501 744 2540 i.
764 2501 779 2539 t
800 2510 860 2539 nemo

56 2556 191 2601 consaeptus
205 2556 241 2593 ert.
267 2553 292 2593 Id
305 2556 367 2594 notat
383 2558 406 2595 et
422 2554 458 2594 tir.
473 2548 497 2593 cal
511 2550 647 2606 διεφύηση.
670 2552 754 2601 propris
767 2559 858 2590 soum:

56 2615 100 2643 nos
116 2605 244 2653 &depcrit
259 2615 317 2651 socc,
339 2609 364 2645 nt
381 2606 458 2655 accipit
473 2606 543 2645 Philo.
572 2606 613 2643 Pro
630 2606 702 2642 sutem
717 2601 796 2645 lsrael.
823 2602 860 2650 qni

56 2654 124 2703 vulgo
138 2656 253 2703 exponitur
265 2656 336 2695 cidens
349 2658 415 2705 deum,
438 2666 450 2694 s
462 2656 553 2695 Philone
566 2653 701 2694 substituitur
713 2652 794 2695 sidem
814 2653 859 2691 tam

56 2706 104 2753 iric,
132 2715 197 2753 qnam
218 2706 273 2745 inne
294 2707 313 2755 d.
335 2707 367 2747 it.
401 2706 460 2746 Sicut
481 2708 546 2745 etism
567 2705 624 2753 spnd
645 2702 762 2741 iinsebinrn
782 2701 858 2749 Praep.

55 2756 145 2831 livea&
157 2756 198 2845 13}
209 2757 334 2856 iliplimlll
344 2758 390 2847 ‘lif
403 2756 565 2846 Phi334dioens:
582 2754 594 2793 t
607 2750 660 2805 δρῦν
670 2748 754 2802 inpasti„
777 2750 857 2791 ducis

139 2824 146 2851 Ι
196 2834 202 2846 ⁰
335 2835 340 2847 s
386 2835 392 2847 s
405 2818 426 2855 ps
479 2832 485 2846 ο
642 2818 643 2823 ¹
