2050 3100
49 260 100 326 [11,
115 256 174 323 515]
239 262 366 309 SERMO
389 264 439 309 DE
462 264 675 313 SAMPSONE.
802 256 849 309 411

48 364 191 427 rentium,
206 363 276 433 quid
285 363 341 418 sihi
352 363 413 420 vult
421 371 483 419 tuae
495 363 597 419 vitulae
605 365 736 421 memoria
747 371 773 419 et
782 363 850 435 quid

48 439 143 496 aratio
152 437 273 493 vitulae?
285 438 416 510 quoniam
425 457 480 495 non
491 447 605 504 aratam,
617 440 667 495 sed
677 447 797 495 arantem
808 440 852 495 vi-

50 515 151 570 dimus
162 513 288 569 vitulam.
319 512 408 581 Quare
418 515 511 588 itaque
521 531 590 577 eam,
601 532 673 587 quae
683 515 780 579 aravit,
793 532 852 569 ara-

47 602 111 646 tam
122 586 213 643 dicis?
230 588 432 654 Pulcherrima,
452 590 601 662 osapiens‚
622 590 724 647 factum
736 590 853 645 obscen—

48 664 113 720 dite
122 661 289 735 patefecisti.
328 664 474 735 Siquidem
483 664 583 721 mulier
593 666 756 721 intermedia
767 666 852 720 vitula

50 740 90 795 ab
108 738 274 810 alienigenis
288 748 362 795 arata
379 738 445 806 luit,
463 756 551 810 quum
566 742 595 796 in
611 742 765 815 angustiam
779 740 854 795 redi-

49 823 152 889 gentes
167 830 241 877 eam,
261 814 318 869 vim
333 813 436 880 fecere,
457 814 593 869 dicentes:
617 818 758 871 Blandiana
767 820 854 883 decipe

47 896 323 957 cirumtuum(1ntie.
334 893 437 959 1l,ta).
480 890 530 944 llla
541 898 630 945 autem
639 900 666 947 te
677 892 773 946 aravit.
807 889 854 945 Sic

48 964 107 1021 tibi
118 962 237 1035 pulchre
247 971 274 1017 et
283 962 428 1026 artificiose
438 962 553 1036 (placuit
564 982 619 1021 rem
630 965 789 1037 exponere),
804 982 854 1037 pro

48 1040 221 1095 liberatione
234 1037 452 1094 adversariorum
466 1057 502 1094 ex
520 1041 646 1112 angustia
664 1042 705 1095 ais
724 1042 851 1104 instante,

48 1115 177 1188 (dicente
185 1121 212 1168 te
220 1112 238 1185 :)
248 1118 365 1168 arcuisse
373 1131 419 1168 vos
428 1119 456 1168 iu
465 1132 523 1169 meu
535 1112 656 1187 ottulc*).

111 1225 157 1279 le.
179 1219 217 1295 [Ἴ
236 1223 292 1277 lloc
305 1221 369 1277 dato
384 1221 442 1277 illie
462 1239 593 1295 responso
611 1222 741 1278 victorlae
760 1238 854 1276 eorum

49 1299 110 1355 sibi
127 1305 236 1368 ereptae
251 1296 460 1353 retributionem
472 1314 522 1368 pro
531 1307 610 1368 pacto
621 1298 655 1352 ab
666 1298 723 1352 illis
734 1297 803 1367 ipsis
814 1294 855 1351 la-

49 1377 93 1429 cit
106 1373 164 1428 alio
175 1372 267 1429 modo.
307 1371 398 1438 Quum
411 1372 486 1426 enim
499 1389 553 1427 una
568 1390 635 1445 gens
653 1380 855 1443 computaretur

49 1448 289 1519 alienigenarum,
320 1447 515 1507 semotioribus
538 1447 662 1503 eiusdem
684 1446 855 1519 cognationis

50 1522 225 1598 deperditis,
237 1523 379 1595 propiores
388 1522 542 1580 decoravit:
554 1532 580 1580 et
590 1539 659 1595 quos
669 1521 810 1595 oportebat
820 1521 854 1577 de

49 1617 152 1657 eorum
162 1600 340 1670 percussione
350 1598 455 1654 luctum
466 1600 615 1664 vestirier
624 1599 735 1655 illorum
744 1615 855 1671 posses-

47 1675 184 1732 sionibus
194 1674 260 1729 istos
271 1691 406 1729 exornans
416 1673 591 1739 clarificavit,
614 1693 645 1730 ac
659 1675 683 1730 si
694 1675 757 1746 quis
768 1691 854 1730 unum

48 1765 249 1826 germanorum
270 1747 383 1804 fratrum
400 1757 582 1805 exornaturus
595 1749 697 1814 nudato
711 1751 855 1806 innocente

48 1829 214 1882 vincentem
228 1824 411 1883 investiverit.
448 1824 574 1881 Attamen
588 1841 641 1882 nou
657 1827 694 1884 ita
706 1826 794 1898 gratis
805 1843 854 1880 ne-

48 1918 111 1973 qne
121 1901 287 1971 insipienter
296 1900 446 1970 percussit,
464 1918 543 1958 nemo
552 1900 733 1973 reprehendat
743 1902 855 1972 sapien-

48 1988 125 2043 tem,
147 1973 199 2030 sed
212 1975 279 2046 quia
293 1973 446 2048 benignum
458 1993 489 2030 se
502 1977 658 2034 ostenderet
667 1993 731 2049 erga
742 1993 855 2031 uxorem

49 2059 168 2126 propter
181 2051 270 2105 minas
286 2049 517 2123 alienigenarum,
539 2053 587 2123 qui
603 2069 662 2106 eam
677 2057 805 2124 cogentes
820 2049 854 2104 ad

49 2129 238 2198 Sampsonem
253 2124 417 2180 tradendum
431 2125 528 2181 minati
544 2127 650 2182 fuerant
669 2127 729 2200 igni
748 2125 854 2180 tradere

51 2203 170 2258 domum
190 2200 326 2256 mulieris.
375 2199 467 2266 Quum
489 2202 657 2257 autemillis
679 2199 854 2257 vincentibus

52 2278 162 2334 salvata
177 2284 219 2330 est
233 2274 332 2330 domus
346 2276 381 2330 ab
394 2277 537 2342 incendio,
558 2293 593 2332 ne
607 2277 749 2332 victoriam
764 2275 855 2329 lucra·

50 2361 152 2408 rentur
165 2350 333 2422 proditores,
354 2353 414 2423 ipse
433 2369 483 2423 per
498 2351 601 2408 ferrum
621 2353 712 2424 ignem
732 2348 855 2404 accendit

50 2431 127 2484 inter
140 2426 322 2499 alienigenas.

111 2554 156 2608 ll.
177 2551 208 2606 ld
218 2560 309 2606 autem
319 2550 437 2606 faciebat
446 2561 500 2605 tam
511 2551 585 2613 iure,
609 2546 853 2620 quamsecundum

51 2627 169 2683 divinae
182 2626 342 2698 Scripturas
355 2627 498 2698 placitum.
538 2625 609 2678 Dicit
624 2624 697 2676 enim
712 2615 820 2675 alicubi
829 2631 857 2676 et

52 2732 113 2741 ..a-0«

106 2733 128 2816 't
141 2768 235 2808 Necesse
248 2769 320 2814 habnt,
334 2767 517 2816 nuquavocabnla
531 2767 590 2804 uncta
604 2764 681 2804 addere
689 2762 716 2802 ad
729 2762 855 2802 obelandum

50 2829 143 2863 sensnm
157 2824 240 2861 eertum
253 2829 281 2859 ex
293 2820 374 2860 tncerta
387 2820 427 2859 hac
440 2816 536 2868 perteue.
562 2815 643 2855 buch.

90 2871 203 2922 Pramo
223 2871 281 2922 vu.
600 2864 650 2915 Drl
696 2927 699 2932 Ι
