2050 3100
182 183 215 235 '¹18
289 186 388 231 PHIL.
410 184 486 230 [UD.
507 182 671 239 QUAnsn.
690 182 741 226 m·
760 181 841 225 soL.
862 175 909 241 [11,
923 181 1001 245 256]

182 285 312 349 verbum,
343 285 415 339 siout
434 290 460 337 ot
477 281 572 338 vitalis
590 283 676 353 partis
695 281 804 337 animae
826 284 1002 352 unisquis-

182 379 237 433 que
252 376 398 425 sensuum;
425 358 557 428 quoniam
566 364 647 427 prout
656 356 729 433 iflssd
738 355 774 427 (s.
784 354 843 426 iila)
851 358 999 425 proxime

184 436 273 499 adest,
290 450 403 489 nooesse
411 440 466 495 est,
481 438 513 486 ut
522 439 550 487 et
559 431 635 487 dieat
644 431 721 486 iioita
729 438 757 485 et
765 430 875 485 sentiat.

186 598 268 655 Quare
287 597 357 647 dicite
388 595 535 660 „nomiae
557 604 581 645 ot
596 593 680 643 Sarra
698 593 803 643 seniores
822 603 904 657 aaut,
925 613 997 659 pro.

224 675 306 718 vectae
323 665 420 728 aetatis,
443 663 573 713 omn}
587 662 669 712 Mar
681 660 801 726 portato
815 662 867 727 (18,
884 665 945 723 11.)

240 785 280 837 ii.
310 782 402 839 Annos
422 780 562 854 legitimos
581 780 662 835 nobis
682 780 824 844 enunciat,
849 778 991 849 edocens,

183 858 257 929 quod
268 874 336 931 puer
345 859 508 911 immaturus
519 861 561 909 est
570 855 659 911 omnis
674 854 824 926 insipiens;
850 871 917 911 nam
932 861 993 913 etsi

182 950 232 1019 per
256 937 424 989 senectutem
446 938 591 1001 provectae
611 929 649 985 sit
672 929 782 994 aetatis,
812 927 993 1000 ,insipientia

182 1023 276 1081 ipsum
286 1022 360 1062 moro
371 1022 488 1077 puerum
501 1002 608 1077 facist).
647 1002 765 1074 Sapiens
779 1011 870 1057 autem
884 1004 942 1059 etsi
959 1008 991 1063 in

183 1080 326 1139 iuventute
336 1080 438 1137 sitiam
448 1079 556 1144 adulta,
576 1094 663 1135 senex
676 1087 730 1146 est;
749 1075 785 1153 [*]
804 1078 876 1131 sicut
886 1086 914 1133 et
924 1082 990 1137 vir-

183 1165 228 1211 tus
243 1156 320 1212 senio
330 1154 453 1229 praedita
463 1164 505 1213 est
514 1172 546 1209 ao
556 1153 737 1216 venerabilis,
759 1169 791 1207 eo
805 1150 880 1223 quod
894 1156 989 1211 maio-

183 1232 262 1286 ritate
278 1240 304 1287 et
319 1230 454 1303 dignitate
468 1230 610 1303 superiore
626 1227 710 1299 digna
725 1228 770 1283 sit.
814 1225 905 1312 Quare
923 1247 988 1285 me-

183 1306 235 1361 rito
251 1305 320 1362 dicit
334 1314 395 1381 post
409 1322 518 1361 senem:
544 1312 680 1375 provectae
692 1307 799 1367 aetatis,
818 1319 878 1356 slve
893 1312 988 1359 trono-

183 1386 250 1435 aotio
263 1385 364 1441 diebus,
385 1380 451 1451 quia
464 1380 599 1433 nimirum
613 1376 673 1432 dies
683 1385 711 1431 et
720 1392 828 1431 menses
839 1393 986 1449 annosque

184 1460 211 1505 et
233 1454 325 1509 omnia
348 1454 437 1523 spatia
459 1452 702 1525 longitudinesque
726 1451 828 1507 solares
852 1456 987 1509 convenit

184 1526 298 1579 minime
318 1524 438 1580 diminui
453 1543 468 1580 a
482 1526 599 1591 virtute,
621 1543 705 1600 quam
724 1534 821 1582 natura
838 1527 985 1599 prioritate

184 1600 337 1653 honoravit.
376 1598 487 1655 Adhaeo
498 1608 525 1654 et
535 1601 606 1654 lucis
616 1602 733 1655 essentia
746 1601 835 1665 adest,
856 1602 944 1657 immo
958 1614 985 1658 et

185 1674 290 1728 lumine
303 1672 403 1743 plenus
417 1682 459 1728 est
472 1674 630 1729 intellectus
644 1677 722 1730 iuxta
736 1674 861 1747 singulas
876 1677 985 1732 intelli-

184 1749 293 1820 gentiae
307 1746 484 1817 disciplinas:
517 1749 684 1820 vultitaque
698 1750 750 1805 hoo
764 1750 925 1822 symbolum
934 1752 984 1808 de-

184 1823 301 1885 clarare,
323 1821 397 1891 quod
413 1823 500 1878 virtus
518 1833 560 1880 est
573 1825 698 1880 universi
715 1825 821 1898 ingenii
840 1833 983 1898 tamquam

185 1895 234 1950 lux
251 1895 375 1954 luminis.

214 2049 278 2106 Quid
293 2061 328 2101 est
344 2049 515 2116 „Defecerant
531 2051 696 2117 Sarraefieri
710 2055 872 2110 muliebda‘tr
895 2059 958 2122 (rb.)

241 2172 281 2226 45.
311 2170 412 2225 Littera
428 2171 528 2242 liquet3
564 2191 628 2228 nom
641 2173 788 2229 muliebrio
803 2177 914 2232 vocavit
933 2178 986 2232 do-

184 2245 256 2298 centi
271 2245 405 2301 vooahnlo
422 2247 593 2302 mensuaiern
610 2250 802 2321 purgationem
819 2250 982 2306 mulierum.

185 2318 228 2372 to
242 2325 362 2374 mentem
375 2338 441 2376 vero
455 2322 587 2395 allegoria
600 2323 761 2394 usurpanda
777 2324 831 2378 erit
848 2324 984 2381 huiusce-

184 2391 273 2447 modi:
297 2391 425 2460 Animae,
441 2405 472 2451 ut
482 2397 594 2460 domus,
611 2416 675 2468 pars
685 2398 929 2454 esthobitoouium
939 2402 985 2455 vi-

184 2485 290 2532 rorum,
312 2485 375 2539 pars
390 2479 481 2525 autern
495 2472 654 2526 muiiermn.
694 2475 821 2529 Virorum
836 2472 984 2530 habitacu-

185 2541 245 2596 iuno
253 2550 321 2614 puta
330 2543 433 2609 ionum,
450 2545 500 2600 ubi
511 2546 614 2617 degant
621 2547 721 2602 viriles
728 2549 924 2619 cogitationes,
938 2566 984 2604 so·

235 2716 255 2761 θ)
273 2726 291 2755 s.
306 2727 347 2765 per
362 2717 503 2767 {rupicum
515 2715 629 2763 pwtttter
642 2717 705 2764 avite.
731 2715 811 2756 Aron.
