2050 3100
180 172 228 227 iti
424 178 543 224 eurno
562 175 729 222 ronanus
860 165 973 239 [nna]

178 277 294 351 (aetatis)
308 276 361 331 sub
375 277 553 349 patriarchis,
574 277 623 348 qui
638 276 804 348 superabant
818 276 914 346 pietate
925 284 976 351 ty-

180 369 278 407 rannos
292 352 455 424 Babylonios
469 351 508 424 (b.
525 370 550 407 e.
566 350 869 425 Nabuchodonosor)*).
892 360 976 437 atque

178 429 207 482 in
226 427 364 498 praesenti
384 427 493 483 saeculo
517 443 609 500 regem
630 425 805 481 memorando
827 424 977 498 (Ninivita-

179 500 264 573 rum),
285 502 384 571 positis
397 501 540 556 miraculis
548 502 634 556 'novis
652 518 735 572 super
754 500 865 572 antiqua
881 500 976 571 iisque

178 575 382 647 superioribus,
408 575 489 630 facile
508 575 650 630 crederent
668 577 811 630 veritatem
829 592 918 629 rerum
936 593 977 632 ex

177 650 370 722 praesentibus
389 649 531 705 miraculis
550 650 727 705 cormborari.
766 648 899 715 Quoniam
916 668 976 705 non

178 724 297 797 amplius
312 725 461 796 quisquam
473 724 653 798 interrogabit
670 723 750 780 homo
768 724 880 778 modum
898 724 976 795 ignis

177 797 391 872 superandi**)‚
417 798 482 873 (vel)
495 799 632 871 quomodo
646 799 745 854 libera
764 797 891 871 procellis
911 798 976 855 hie-

177 890 277 947 meque
288 874 317 929 in
326 874 478 929 universali
489 874 599 929 turbine
609 875 699 929 iustus
711 874 903 945 permanserit,
924 884 976 929 aut

177 948 314 1021 quomodo
328 948 459 1004 Hebraeis
473 966 548 1003 mare
563 966 612 1021 pro
621 948 754 1021 obsequio
764 948 798 1003 ad
809 950 859 1003 iter
869 946 976 1003 lacien-

178 1024 244 1079 dum
255 1023 398 1097 diruptum
407 1023 503 1088 luerit,
519 1023 563 1078 vel
573 1023 710 1095 quomodo
719 1025 772 1079 viri
783 1024 824 1094 pii
833 1039 895 1077 cum
906 1021 976 1079 ieris

178 1100 320 1155 lusisunt.
359 1099 548 1155 Testemenim
557 1099 672 1154 istorum
681 1115 724 1153 me
735 1097 859 1153 videntes
869 1097 978 1153 dormi-

178 1183 267 1231 entem
278 1173 335 1229 iere
344 1182 371 1229 et
381 1175 410 1228 in
420 1174 633 1247 regenerationis
644 1173 758 1229 formam
768 1174 933 1245 requisitum
940 1175 978 1229 de

177 1268 227 1305 sua
241 1250 297 1305 vita
312 1248 431 1305 habeant
445 1250 474 1304 in
488 1266 533 1303 me
543 1248 618 1321 quod
628 1248 752 1313 credant.
774 1257 855 1320 atque
868 1245 905 1322 [*]
918 1248 979 1304 lor-

177 1342 250 1381 mam
265 1325 389 1380 veritatis
403 1324 545 1379 inveniant
560 1324 629 1377 etin
643 1332 669 1379 te
682 1331 792 1396 propter
806 1324 899 1377 omnia
914 1340 979 1379 cre-

178 1399 244 1454 dent
249 1401 335 1471 partis
341 1397 459 1454 visores
470 1398 616 1470 Siquidem
623 1399 672 1470 qui
683 1400 789 1471 aperire
798 1397 904 1452 bestiae
913 1410 979 1470 pot-

177 1482 219 1530 est
232 1475 339 1529 viscera
353 1482 379 1529 et
396 1475 491 1530 vivum
506 1474 635 1545 spiritum
645 1474 750 1547 integre
759 1489 883 1538 servare,
905 1490 979 1545 quo·

177 1546 257 1602 modo
271 1551 354 1604 etiam
367 1548 403 1605 de
412 1567 524 1622 corpore
534 1558 675 1604 evocatum
685 1548 778 1613 illum,
799 1548 849 1621 qui
859 1547 897 1603 de
905 1558 978 1605 terra

177 1621 304 1678 conditus
319 1623 385 1688 luit,
407 1633 434 1680 et
448 1634 535 1681 terrae
550 1641 658 1696 rursum
673 1633 704 1679 ut
717 1623 873 1696 depositum
885 1624 980 1680 credi-

176 1705 234 1752 tum
249 1706 303 1761 est,
324 1715 378 1753 non
394 1700 532 1772 integrum
547 1697 685 1754 servabit?
703 1698 773 1765 Quia
788 1708 814 1753 et
828 1711 980 1771 suspectus

176 1770 325 1826 infantium
334 1781 443 1842 partus,
461 1791 511 1828 nec
522 1773 607 1828 ullius
618 1791 729 1828 accessu
739 1789 829 1844 neque
840 1775 980 1846 spiritalis

175 1845 281 1900 ordinis
295 1845 461 1909 inhibitione
476 1856 599 1913 curatur,
620 1849 670 1903 sed
684 1857 801 1904 asancta
815 1856 862 1903 tua
880 1850 982 1905 dextra

176 1921 251 1995 ipius
261 1919 435 1978 confirmatus
445 1923 595 1986 animatur,
608 1941 656 1994 per
665 1938 759 1978 casum
767 1930 896 1978 nostrum
907 1927 982 1981 cele-

177 1996 284 2058 bretur,
305 1994 380 2067 quod
394 1996 465 2053 nibil
481 2005 556 2052 tuam
571 2000 720 2068 potentiam
740 2000 814 2052 intus
834 1997 979 2064 inhibuit3

177 2079 208 2123 ut
217 2071 357 2142 inopinata
368 2081 457 2128 nostra
469 2074 498 2126 in
508 2081 567 2127 ceto
578 2075 718 2144 conceptio
728 2071 925 2129 testimonium
940 2091 984 2129 se-

176 2144 297 2200 eundum
308 2154 433 2202 naturam
443 2150 526 2202 nixus
536 2147 592 2203 fiat.

231 2270 275 2323 is.
289 2269 373 2323 Tanta
384 2260 445 2340 ipso
454 2279 557 2334 orante,
572 2269 711 2328 miseratio
721 2285 836 2340 precum
846 2270 886 2330 ad
897 2272 986 2328 deum

177 2342 313 2406 ascendit,
326 2352 438 2409 uidete,
450 2345 532 2422 rebus
543 2347 572 2399 in
582 2345 751 2401 oblivionem
761 2344 848 2409 datis,
864 2346 987 2403 iubere-

176 2426 220 2470 tur
235 2417 264 2471 in
279 2418 384 2472 aridam
399 2437 524 2492 evomere
533 2421 635 2477 Ionam.
673 2419 723 2475 llle
733 2427 825 2474 autem
834 2428 988 2496 tamquam

226 2557 247 2603 ¹)
268 2557 359 2598 Videtur
375 2563 450 2600 auctor
465 2560 539 2599 lenam
555 2563 683 2609 postponere
700 2560 775 2598 diebus
788 2560 891 2610 Danielis
906 2565 987 2603 trium·

176 2614 217 2650 que
229 2607 384 2654 innocentium
409 2612 450 2649 nisi
463 2612 581 2650 obscuritas
594 2611 636 2649 loci
648 2611 710 2648 aliter
722 2611 790 2658 accipi
803 2611 898 2659 debeat,
924 2613 988 2659 aussi

174 2663 226 2693 vero
238 2659 364 2704 prophetica
377 2661 447 2699 lutura
458 2661 567 2707 praedicta
581 2662 630 2699 rint.
657 2660 739 2699 Auch.

225 2723 259 2769 ¹¹)
276 2725 351 2766 Potest
363 2727 454 2774 intelligi
467 2728 541 2766 etiarn:
556 2731 606 2778 port
619 2729 687 2776 ionem
700 2729 826 2776 superatum.
854 2726 950 2770 Anca.
