2050 3100
399 277 463 325 sn
851 285 1224 329 PflrLoffls
1272 285 1544 329 lunam
1748 281 1996 345 [Lama]

399 385 683 453 bilemque
702 385 944 438 admittit
962 390 1017 437 et
1035 391 1324 438 conservat
1336 425 1349 447 ‚
1395 399 1584 438 curam
1602 385 1886 439 adhibens
1904 389 1997 438 eis.

397 457 542 512 Haec
559 472 689 529 ergo
709 458 865 512 satis,

509 569 596 620 50.
646 566 721 619 De
759 567 1064 637 quantitate
1076 565 1131 638 δέ)
1167 574 1348 621 autem
1383 566 1649 620 materiae
1687 567 1998 639 specialiter

396 639 570 697 factae
602 639 660 694 id
692 641 936 710 profecto
966 640 1267 696 dicendum
1287 649 1388 696 est.
1465 641 1762 712 Expendit
1781 642 1920 698 deus
1940 641 1996 696 ad

395 714 594 770 mundi
619 714 884 769 facturam
903 717 1189 775 materiam
1209 715 1577 770 sufficientem
1592 757 1606 780 ,
1648 716 1805 773 nihil
1831 713 1897 773 ut'
1914 717 1998 771 de-

396 799 541 845 esset
584 787 637 864 *]
662 807 843 862 neque
862 791 1228 846 redundasset
1245 789 1312 864 (s,
1337 789 1578 862 amplius
1605 792 1812 865 esset):
1877 793 1995 847 alias

394 865 561 920 absur
605 882 667 920 ae
688 867 957 920 amentiae
979 875 1125 920 esset
1138 907 1150 930 ‚
1184 865 1544 937 particulares
1565 865 1819 922 artifices
1839 885 1997 943 quum

394 940 609 1011 aliquid
631 939 859 1005 faciant,
889 941 1215 1012 praesertim
1236 941 1398 995 exiis
1413 981 1426 1004 ,
1450 957 1595 1011 quae
1614 942 1871 998 multum
1887 960 1997 1014 pre-

392 1016 531 1070 tiosa
549 1016 689 1080 sint,
713 1017 1009 1071 ‘materiam
1028 1017 1250 1071 omnino
1270 1015 1644 1070 sufficientem
1663 1017 1993 1089 expendere,

392 1091 554 1144 illum
574 1108 704 1145 vero
718 1132 731 1155 ‚
776 1092 875 1162 qui
900 1108 1159 1146 numeros
1178 1100 1234 1146 et
1252 1107 1537 1146 mensuras
1564 1099 1743 1162 atque
1761 1093 1996 1165 aequali-

391 1173 529 1220 tates
550 1166 743 1222 inillis
763 1175 1113 1222 occurrentes
1130 1167 1344 1238 primus
1367 1165 1657 1221 adinvenit
1670 1207 1683 1230 ‚
1733 1167 1887 1224 nihil
1917 1185 1999 1222 cu-

391 1258 544 1294 rasse
572 1239 641 1296 de
670 1240 1025 1296 sufficientia.
1111 1240 1300 1296 Dicam
1325 1240 1815 1311 autem0fidenter,
1866 1231 2000 1315 quod

392 1333 495 1370 nec
540 1317 771 1370 minoris
817 1334 919 1371 nec
967 1316 1253 1389 amplioris
1291 1317 1550 1372 materiae
1589 1332 1743 1388 opus
1787 1329 1909 1375 erat
1945 1317 2002 1372 ad

390 1390 589 1446 mundi
628 1390 1072 1460 fabricationem;
1135 1391 1382 1463 alioquin
1421 1391 1628 1446 factum
1665 1393 1879 1464 ipsum
1908 1410 2002 1449 non

312 1485 317 1495 ·
391 1463 588 1520 fuisset
605 1465 938 1538 perfectum,
980 1483 1161 1539 neque
1183 1467 1396 1524 cunctis
1413 1464 1671 1539 partibus
1693 1468 2002 1543 integrum.

390 1540 827 1612 pulcherrimum
849 1561 988 1615 opus
1008 1542 1381 1615 perficeretur.
1420 1541 1853 1614 Sapientissimi
1866 1547 2005 1601 enim

392 1617 552 1670 estin
576 1626 688 1672 arte
714 1619 937 1691 propria
952 1660 964 1683 ,
1010 1627 1302 1689 antequam
1331 1618 1563 1690 incipiat
1581 1618 1830 1689 aliquod
1852 1619 2007 1694 opifi‘

392 1692 542 1745 cium
555 1732 567 1755 ‚
601 1691 971 1748 sufficientem
992 1710 1152 1748 nosse
1173 1694 1476 1749 materiam.

502 1818 562 1870 5⁴
576 1857 589 1869 .
629 1818 833 1873 Verum
853 1821 1002 1874 enim
1024 1837 1155 1875 vero
1175 1819 1337 1873 homo
1354 1820 1461 1873 etsi
1492 1817 1732 1873 caeteris
1764 1831 2009 1893 praestet

390 1889 756 1962 intelligentia
775 1894 1065 1966 ingeniosa
1079 1936 1091 1959 ,
1114 1911 1290 1965 quum
1309 1902 1490 1948 tamen
1509 1902 1762 1964 nequeat
1781 1899 2011 1953 omnino

389 1980 450 2018 se
476 1965 718 2021 eximere
737 1978 967 2041 cognato
988 1969 1314 2025 mortalibus
1331 1984 1511 2024 errore
1525 2010 1537 2033 ,
1571 1968 1890 2028 deluditur
1913 1973 2009 2028 for·

389 2048 533 2094 tasse
559 2041 709 2096 circa
735 2047 1096 2114 quantitatem
1126 2045 1410 2099 materiae:
1481 2044 1556 2097 ita
1576 2052 1665 2107 ut,
1698 2061 1905 2115 quum
1925 2065 2011 2119 per

389 2123 560 2170 artem
600 2115 815 2187 aliquid
849 2116 1008 2183 facit,
1051 2133 1200 2174 nunc
1229 2118 1380 2190 quod
1407 2106 1586 2181 deest,
1628 2124 2007 2189 superaddat.

388 2207 537 2244 nunc
558 2199 738 2246 autem
760 2193 910 2263 quod
928 2194 1228 2258 redundat,
1273 2192 1540 2255 detrahat.
1617 2190 1687 2246 At
1721 2194 1873 2261 ille,
1923 2197 2008 2269 qui

389 2264 511 2331 fons
542 2274 624 2321 est
650 2266 1079 2340 intelligentiae,
1119 2268 1263 2323 nihil
1294 2269 1480 2322 minus
1508 2265 1597 2321 vel
1626 2269 1903 2340 amplius
1924 2290 2012 2343 ap-

13 2373 20 2414 2
385 2341 543 2410 ponit
557 2382 570 2406 ‚
592 2343 867 2398 mensuris
888 2344 1154 2398 nimirum
1174 2342 1542 2399 sufficientiae
1561 2358 1721 2406 usm,
1752 2343 2012 2420 diligen·

9 2426 19 2490 g
385 2415 465 2469 tia
500 2425 749 2471 naturam
786 2419 965 2489 ipsam
1003 2426 1299 2488 superante
1338 2426 1391 2471 et
1427 2418 1486 2471 in
1514 2433 1654 2487 opus
1684 2416 2012 2495 insumptis

7 2490 17 2567 j
384 2490 645 2544 omnibus
664 2508 831 2561 quam
852 2491 1224 2547 laudabiliter.
1266 2491 1373 2558 Qui
1394 2508 1523 2547 vero
1543 2490 1681 2545 velit
1699 2494 1892 2553 aliter
1914 2517 2015 2552 nu·

7 2573 16 2585 *
384 2563 531 2630 gari,
576 2582 877 2635 numquam
907 2565 1073 2620 finem
1102 2566 1267 2621 faciet
1295 2575 1348 2621 et
1373 2564 1445 2641 [³¹⁵]
1471 2575 1812 2625 cunctorum
1841 2590 2017 2645 opera

386 2635 656 2689 artificum
697 2638 1005 2706 accusabit;
1067 2640 1302 2711 perinde
1340 2658 1404 2695 ac
1439 2641 1491 2695 si
1528 2642 1658 2712 quis
1699 2646 2021 2715 opificium

382 2814 445 2851 To
481 2768 525 2815 *)
552 2772 647 2831 {lue
673 2778 860 2821 pertinet
885 2773 1067 2838 alterum
1095 2777 1168 2819 Gr.
1197 2781 1484 2839 fragmentum
1510 2780 1624 2829 apud
1650 2779 1827 2826 Euseb.
1863 2790 2028 2840 (supra

446 2825 505 2853 m.
533 2819 607 2857 xl.
636 2832 679 2867 p.
710 2825 825 2870 198st
870 2827 957 2863 lou
982 2826 1004 2864 ὁ
1033 2828 1136 2877 Εβρ.
1164 2828 1204 2868 δὲ
1233 2830 1369 2869 (palmo
1392 2831 1437 2869 ἐν
1461 2834 1517 2883 τῷ
1542 2831 1630 2870 κτλ..
