2050 3100
152 172 198 224 lbi
273 176 372 220 PHIL.
393 174 470 221 IUD.
490 172 652 230 QUAEST.
671 172 722 216 ET
741 172 819 218 SOL.
840 167 951 233 [mdiu]

148 275 237 333 tendit
251 291 335 347 supra
348 290 432 345 quam
447 273 554 336 aether,
575 289 659 345 supra
674 289 758 343 quam
776 272 884 327 caelum
903 290 953 327 su-

149 366 254 424 praque
273 350 404 405 universa
421 348 578 403 sensibilia.
618 347 666 403 Sic
683 349 767 403 etiam
781 348 872 402 omnis
885 364 954 418 pro-

148 426 232 498 pbeta
246 423 384 479 mendacii
399 423 510 477 nescius
525 422 630 477 Videns
643 422 793 478 vocabatur
805 424 866 477 sive
876 421 953 478 Ocu-

150 500 224 562 laos,
246 499 384 570 impositis
406 497 566 553 nominibus
586 497 740 553 secundum
759 497 872 553 oculum
889 498 953 551 ani-

150 591 220 629 mee.

207 729 243 795 [³]
267 730 314 780 Gur
333 731 358 780 in
378 729 481 781 australi
493 740 567 793 parte
584 729 671 780 dicittcr
689 728 814 779 lulum?
835 730 895 791 (ib.)

207 852 265 903 439.
291 848 325 903 Et
339 849 391 903 boc
405 864 469 903 cum
483 848 582 920 primis
596 847 755 915 concordat3
782 863 901 919 namque
916 848 953 902 ub

150 922 286 995 oriente*)
299 940 351 977 ceu
366 923 399 977 ab
415 924 492 978 inani
505 923 636 994 opinione
650 923 754 986 omnis,
774 923 824 993 qui
838 923 954 993 sepien-

150 1000 204 1053 tiae
218 996 339 1069 cupidus
352 1005 429 1053 estet
439 1014 503 1053 vere
513 998 560 1051 dei
570 1014 679 1056 amans.
695 995 805 1070 effugit,
821 998 954 1052 remotio-

151 1090 214 1128 nem
228 1083 255 1128 et
269 1071 458 1146 delectum**)
472 1074 501 1128 in
518 1071 641 1127 melioris
654 1072 741 1144 partis
750 1072 855 1128 ratione
864 1072 954 1127 collo-

151 1166 225 1203 cans.

154 1296 219 1355 Quid
235 1309 269 1349 cat
287 1300 412 1363 „spanum
428 1297 549 1360 Isaaci“,
568 1306 591 1346 et
605 1312 681 1360 quare
693 1295 882 1361 „eyredt'ebotur
894 1311 955 1359 spu-

218 1366 276 1415 tiari
291 1367 315 1415 in
333 1383 416 1430 campo
434 1366 551 1416 inclinata
569 1364 618 1415 iam
635 1363 673 1414 die
680 1367 712 1413 “t
738 1372 761 1413 et
775 1365 839 1427 (caer)
853 1380 955 1426 quocum

220 1432 312 1493 (essct),
331 1448 377 1481 non
395 1442 429 1481 est
447 1433 573 1482 monitum?
590 1432 644 1495 (24,
665 1431 720 1494 68.)

207 1551 264 1603 llo.
290 1547 494 1604 Connexionem
508 1550 690 1621 ordinemque
699 1548 890 1604 harmonicum
901 1547 956 1604 ha-

150 1624 197 1676 bet
211 1637 275 1676 cum
288 1622 481 1677 anterioribus.
521 1625 573 1680 Cui
584 1626 659 1680 enim
667 1625 782 1681 remotio
792 1634 819 1679 et
827 1623 956 1678 defectus

150 1696 363 1758 existimationis
382 1696 541 1752 visibilium
555 1700 585 1753 in
598 1700 688 1771 pretio
702 1708 780 1764 sunt,
800 1699 957 1754 solitariam

149 1772 250 1841 incipit
268 1769 368 1842 degere
388 1773 473 1826 vitam
491 1774 567 1828 solus
582 1791 646 1829 cum
661 1775 720 1829 solo
734 1773 873 1829 invisibili
888 1773 955 1828 deo.

150 1846 258 1916 Longas
268 1853 359 1898 autem
370 1849 591 1902 conversationes
605 1848 790 1920 homiliasque
804 1848 957 1903 consuevi·

150 1935 212 1972 mus
226 1923 314 1986 spotia
328 1936 436 1976 vocare.
475 1922 524 1976 llis
539 1923 634 1994 itaque
646 1925 736 1979 voluit
748 1922 892 1979 ostendere
908 1939 957 1976 sa-

149 1993 253 2064 pientis
266 2009 369 2048 morem
379 2013 432 2050 non
444 1997 497 2052 cito
506 1997 665 2062 satiabilem
674 2016 749 2062 esse,
765 1998 815 2054 sed
824 2006 957 2052 consten-

149 2075 218 2130 tem‚
240 2083 331 2137 neque
346 2069 383 2128 ita
394 2069 504 2126 facilem
513 2081 544 2126 ut
553 2070 640 2129 deleri
650 2073 740 2144 possit
747 2081 795 2127 aut
805 2071 907 2127 auferri
919 2071 957 2126 ab

149 2142 212 2197 idea
232 2141 265 2214 (s.
281 2144 533 2218 contemplatione),
555 2163 627 2218 quae
641 2156 753 2220 superat
766 2147 883 2211 bonum,
905 2163 957 2201 su-

150 2217 311 2288 perexcedit
333 2220 486 2291 sapientem
508 2229 536 2275 et
558 2223 670 2288 excellit
692 2224 786 2293 ipsum
804 2221 955 2293 optimum,

150 2292 378 2347 concurrentibus
401 2295 566 2368 singillatim
585 2295 710 2352 homiliis
728 2313 860 2368 superse
878 2296 958 2351 invi-

150 2384 223 2421 cem:
249 2369 287 2422 ita
302 2375 332 2422 ut
345 2386 497 2442 numquam
511 2370 644 2443 nulloque
658 2371 740 2427 modo
754 2371 896 2443 continget
911 2386 958 2424 re·
1019 2426 1020 2435 ,

201 2542 222 2587 *l
238 2544 309 2583 ortem
324 2544 450 2592 supponitur
463 2552 502 2592 pro
516 2543 603 2589 visibili,
618 2545 711 2584 mulme
725 2543 782 2592 qnod
795 2543 818 2582 ln
830 2520 893 2582 Armi
906 2554 957 2582 ate-

150 2591 196 2629 vete
209 2595 231 2631 et
239 2594 338 2640 Jereveztc
350 2594 425 2632 affines
439 2597 489 2632 sunt
501 2597 575 2639 votes,
598 2594 654 2641 quod
668 2594 744 2633 mellus
757 2594 874 2642 exponitur
885 2593 910 2632 ln
922 2603 958 2632 se-

151 2643 226 2688 quenti
239 2653 326 2683 numero
340 2645 367 2682 ab
381 2646 475 2682 ancbors.
501 2643 583 2682 Auch.

204 2706 239 2754 **)
254 2709 288 2749 sto
303 2711 364 2750 codd.
379 2708 428 2756 GD,
442 2711 479 2750 ubl
491 2709 522 2751 A:
545 2707 845 2758 sermocinationem.
871 2709 956 2750 duob.
