<?xml version="1.0" encoding="UTF-8"?>
<!DOCTYPE html PUBLIC "-//W3C//DTD XHTML 1.0 Transitional//EN"
    "http://www.w3.org/TR/xhtml1/DTD/xhtml1-transitional.dtd">
<html xmlns="http://www.w3.org/1999/xhtml" xml:lang="en" lang="en">
 <head>
  <title>
</title>
<meta http-equiv="Content-Type" content="text/html;charset=utf-8" />
  <meta name='ocr-system' content='tesseract 3.04.00' />
  <meta name='ocr-capabilities' content='ocr_page ocr_carea ocr_par ocr_line ocrx_word'/>
</head>
<body>
  <div class='ocr_page' id='page_1' title='image "./operaomniaadlib02philgoog/operaomniaadlib02philgoog_0143.png"; bbox 0 0 2050 3100; ppageno 0'>
   <div class='ocr_carea' id='block_1_1' title="bbox 170 174 990 253">
    <p class='ocr_par' dir='ltr' id='par_1_1' title="bbox 170 174 990 253">
     <span class='ocr_line' id='line_1_1' title="bbox 170 174 990 253; baseline -0.017 -13"><span class='ocrx_word' id='word_1_1' title='bbox 170 188 216 241; x_wconf 71' lang='lat'>⁴28</span> <span class='ocrx_word' id='word_1_2' title='bbox 291 189 393 241; x_wconf 85' lang='lat' dir='ltr'><strong>PHIL.</strong></span> <span class='ocrx_word' id='word_1_3' title='bbox 414 188 487 234; x_wconf 89' lang='lat' dir='ltr'>IUD.</span> <span class='ocrx_word' id='word_1_4' title='bbox 509 184 673 242; x_wconf 74' lang='lat' dir='ltr'>QUAEST.</span> <span class='ocrx_word' id='word_1_5' title='bbox 692 182 741 226; x_wconf 87' lang='lat' dir='ltr'>ET</span> <span class='ocrx_word' id='word_1_6' title='bbox 761 180 839 253; x_wconf 56' lang='lat' dir='ltr'>§Oto</span> <span class='ocrx_word' id='word_1_7' title='bbox 861 174 990 241; x_wconf 60' lang='lat' dir='ltr'>[lusia]</span> 
     </span>
    </p>
   </div>
   <div class='ocr_carea' id='block_1_2' title="bbox 170 358 990 567">
    <p class='ocr_par' dir='ltr' id='par_1_2' title="bbox 170 358 990 567">
     <span class='ocr_line' id='line_1_2' title="bbox 170 358 989 432; baseline -0.016 -11"><span class='ocrx_word' id='word_1_8' title='bbox 170 374 217 423; x_wconf 82' lang='lat' dir='ltr'>Cor</span> <span class='ocrx_word' id='word_1_9' title='bbox 237 388 287 420; x_wconf 84' lang='lat' dir='ltr'>eum</span> <span class='ocrx_word' id='word_1_10' title='bbox 306 370 403 419; x_wconf 84' lang='lat' dir='ltr'>adiurat</span> <span class='ocrx_word' id='word_1_11' title='bbox 421 384 487 432; x_wconf 85' lang='lat' dir='ltr'>„per</span> <span class='ocrx_word' id='word_1_12' title='bbox 505 358 627 428; x_wconf 58' lang='lat' dir='ltr'>caelum‘t,</span> <span class='ocrx_word' id='word_1_13' title='bbox 646 364 737 428; x_wconf 81' lang='lat' dir='ltr'>duplici</span> <span class='ocrx_word' id='word_1_14' title='bbox 752 362 879 412; x_wconf 78' lang='lat' dir='ltr'>vocatione</span> <span class='ocrx_word' id='word_1_15' title='bbox 893 378 989 425; x_wconf 68' lang='lat' dir='ltr'>saeper-</span> 
     </span>
     <span class='ocr_line' id='line_1_3' title="bbox 235 428 990 501; baseline -0.013 -14"><span class='ocrx_word' id='word_1_16' title='bbox 235 438 331 501; x_wconf 84' lang='lat' dir='ltr'>addita,</span> <span class='ocrx_word' id='word_1_17' title='bbox 367 446 413 499; x_wconf 86' lang='lat' dir='ltr'>„et</span> <span class='ocrx_word' id='word_1_18' title='bbox 435 452 482 499; x_wconf 86' lang='lat' dir='ltr'>per</span> <span class='ocrx_word' id='word_1_19' title='bbox 509 435 633 495; x_wconf 76' lang='lat' dir='ltr'>tmam“,</span> <span class='ocrx_word' id='word_1_20' title='bbox 667 432 745 480; x_wconf 88' lang='lat' dir='ltr'>altero</span> <span class='ocrx_word' id='word_1_21' title='bbox 771 428 873 493; x_wconf 60' lang='lat' dir='ltr'>(salust</span> <span class='ocrx_word' id='word_1_22' title='bbox 920 430 990 479; x_wconf 79' lang='lat' dir='ltr'>dicit</span> 
     </span>
     <span class='ocr_line' id='line_1_4' title="bbox 236 495 989 567; baseline -0.015 -13"><span class='ocrx_word' id='word_1_23' title='bbox 236 505 310 553; x_wconf 82' lang='lat' dir='ltr'>enim:</span> <span class='ocrx_word' id='word_1_24' title='bbox 352 503 469 567; x_wconf 82' lang='lat' dir='ltr'><em>„Adiuro</em></span> <span class='ocrx_word' id='word_1_25' title='bbox 502 512 524 551; x_wconf 85' lang='lat' dir='ltr'>tc</span> <span class='ocrx_word' id='word_1_26' title='bbox 547 518 595 565; x_wconf 87' lang='lat' dir='ltr'>per</span> <span class='ocrx_word' id='word_1_27' title='bbox 621 499 738 548; x_wconf 82' lang='lat' dir='ltr'>dominum</span> <span class='ocrx_word' id='word_1_28' title='bbox 766 497 833 546; x_wconf 85' lang='lat' dir='ltr'>deum</span> <span class='ocrx_word' id='word_1_29' title='bbox 861 495 933 545; x_wconf 84' lang='lat' dir='ltr'>caeli</span> <span class='ocrx_word' id='word_1_30' title='bbox 963 507 989 544; x_wconf 78' lang='lat' dir='ltr'>et</span> 
     </span>
    </p>
   </div>
   <div class='ocr_carea' id='block_1_3' title="bbox 239 569 563 634">
    <p class='ocr_par' dir='ltr' id='par_1_3' title="bbox 239 569 563 634">
     <span class='ocr_line' id='line_1_5' title="bbox 239 569 563 634; baseline -0.012 -13"><span class='ocrx_word' id='word_1_31' title='bbox 239 572 306 621; x_wconf 84' lang='lat' dir='ltr'>deum</span> <span class='ocrx_word' id='word_1_32' title='bbox 324 573 436 621; x_wconf 74' lang='lat' dir='ltr'>tmae.“</span> <span class='ocrx_word' id='word_1_33' title='bbox 455 576 509 634; x_wconf 78' lang='lat'><strong>(24,</strong></span> <span class='ocrx_word' id='word_1_34' title='bbox 525 569 563 633; x_wconf 88' lang='grc'>3.)</span> 
     </span>
    </p>
   </div>
   <div class='ocr_carea' id='block_1_4' title="bbox 169 683 986 838">
    <p class='ocr_par' dir='ltr' id='par_1_4' title="bbox 169 683 986 838">
     <span class='ocr_line' id='line_1_6' title="bbox 225 683 986 760; baseline -0.016 -15"><span class='ocrx_word' id='word_1_35' title='bbox 225 692 268 745; x_wconf 84' lang='lat'>87.</span> <span class='ocrx_word' id='word_1_36' title='bbox 289 688 386 759; x_wconf 83' lang='lat' dir='ltr'>Mundi</span> <span class='ocrx_word' id='word_1_37' title='bbox 397 688 518 760; x_wconf 85' lang='lat' dir='ltr'>partium</span> <span class='ocrx_word' id='word_1_38' title='bbox 532 688 637 756; x_wconf 89' lang='lat' dir='ltr'>optima</span> <span class='ocrx_word' id='word_1_39' title='bbox 651 692 693 740; x_wconf 88' lang='lat' dir='ltr'>est</span> <span class='ocrx_word' id='word_1_40' title='bbox 707 683 828 746; x_wconf 85' lang='lat' dir='ltr'>caelum,</span> <span class='ocrx_word' id='word_1_41' title='bbox 849 696 986 752; x_wconf 89' lang='lat' dir='ltr'>quapro-</span> 
     </span>
     <span class='ocr_line' id='line_1_7' title="bbox 169 756 985 838; baseline -0.016 -17"><span class='ocrx_word' id='word_1_42' title='bbox 169 775 230 838; x_wconf 83' lang='lat' dir='ltr'>pter</span> <span class='ocrx_word' id='word_1_43' title='bbox 245 766 415 837; x_wconf 88' lang='lat' dir='ltr'>superiorem</span> <span class='ocrx_word' id='word_1_44' title='bbox 429 769 536 834; x_wconf 86' lang='lat' dir='ltr'>partem</span> <span class='ocrx_word' id='word_1_45' title='bbox 550 762 678 816; x_wconf 90' lang='lat' dir='ltr'>sortitum</span> <span class='ocrx_word' id='word_1_46' title='bbox 692 767 747 823; x_wconf 87' lang='lat' dir='ltr'>est,</span> <span class='ocrx_word' id='word_1_47' title='bbox 771 774 806 811; x_wconf 83' lang='lat' dir='ltr'>ex</span> <span class='ocrx_word' id='word_1_48' title='bbox 820 756 985 827; x_wconf 85' lang='lat' dir='ltr'>purissima</span> 
     </span>
    </p>
   </div>
   <div class='ocr_carea' id='block_1_5' title="bbox 169 836 985 989">
    <p class='ocr_par' dir='ltr' id='par_1_5' title="bbox 169 836 985 989">
     <span class='ocr_line' id='line_1_8' title="bbox 169 836 985 908; baseline -0.016 -12"><span class='ocrx_word' id='word_1_49' title='bbox 169 848 297 897; x_wconf 83' lang='lat' dir='ltr'><strong>constans</strong></span> <span class='ocrx_word' id='word_1_50' title='bbox 309 839 441 903; x_wconf 78' lang='lat' dir='ltr'><strong>essentia,</strong></span> <span class='ocrx_word' id='word_1_51' title='bbox 453 836 543 892; x_wconf 86' lang='lat' dir='ltr'>stellis</span> <span class='ocrx_word' id='word_1_52' title='bbox 553 836 649 908; x_wconf 85' lang='lat' dir='ltr'>plena,</span> <span class='ocrx_word' id='word_1_53' title='bbox 661 849 778 906; x_wconf 89' lang='lat' dir='ltr'>quarum</span> <span class='ocrx_word' id='word_1_54' title='bbox 788 846 985 902; x_wconf 86' lang='lat' dir='ltr'>unaquaeque</span> 
     </span>
     <span class='ocr_line' id='line_1_9' title="bbox 170 905 985 989; baseline -0.015 -18"><span class='ocrx_word' id='word_1_55' title='bbox 170 924 211 971; x_wconf 90' lang='lat' dir='ltr'>est</span> <span class='ocrx_word' id='word_1_56' title='bbox 230 917 322 989; x_wconf 87' lang='lat' dir='ltr'>imago</span> <span class='ocrx_word' id='word_1_57' title='bbox 341 930 407 987; x_wconf 89' lang='lat' dir='ltr'>prae</span> <span class='ocrx_word' id='word_1_58' title='bbox 422 930 451 967; x_wconf 88' lang='lat' dir='ltr'>se</span> <span class='ocrx_word' id='word_1_59' title='bbox 469 911 700 966; x_wconf 79' lang='lat' dir='ltr'>ferens-divinam</span> <span class='ocrx_word' id='word_1_60' title='bbox 714 908 841 969; x_wconf 80' lang='lat' dir='ltr'>formam3</span> <span class='ocrx_word' id='word_1_61' title='bbox 874 905 985 960; x_wconf 88' lang='lat' dir='ltr'>ultima</span> 
     </span>
    </p>
   </div>
   <div class='ocr_carea' id='block_1_6' title="bbox 103 981 986 2779">
    <p class='ocr_par' dir='ltr' id='par_1_6' title="bbox 103 981 986 2779">
     <span class='ocr_line' id='line_1_10' title="bbox 170 981 984 1061; baseline -0.015 -15"><span class='ocrx_word' id='word_1_62' title='bbox 170 999 334 1055; x_wconf 71' lang='lat' dir='ltr'>voratura,</span> <span class='ocrx_word' id='word_1_63' title='bbox 355 1006 427 1061; x_wconf 92' lang='lat' dir='ltr'>quae</span> <span class='ocrx_word' id='word_1_64' title='bbox 440 986 594 1043; x_wconf 91' lang='lat' dir='ltr'>secundum</span> <span class='ocrx_word' id='word_1_65' title='bbox 611 1002 722 1040; x_wconf 88' lang='lat' dir='ltr'>causam</span> <span class='ocrx_word' id='word_1_66' title='bbox 737 982 771 1056; x_wconf 90' lang='lat' dir='ltr'>(s.</span> <span class='ocrx_word' id='word_1_67' title='bbox 785 981 937 1053; x_wconf 90' lang='lat' dir='ltr'>rationem)</span> <span class='ocrx_word' id='word_1_68' title='bbox 955 991 984 1035; x_wconf 89' lang='lat' dir='ltr'>et</span> 
     </span>
     <span class='ocr_line' id='line_1_11' title="bbox 169 1056 984 1131; baseline -0.015 -11"><span class='ocrx_word' id='word_1_69' title='bbox 169 1066 297 1120; x_wconf 86' lang='lat' dir='ltr'>infimum</span> <span class='ocrx_word' id='word_1_70' title='bbox 312 1067 407 1121; x_wconf 88' lang='lat' dir='ltr'>sortita</span> <span class='ocrx_word' id='word_1_71' title='bbox 421 1072 462 1119; x_wconf 87' lang='lat' dir='ltr'>est</span> <span class='ocrx_word' id='word_1_72' title='bbox 477 1064 582 1126; x_wconf 85' lang='lat' dir='ltr'>locum,</span> <span class='ocrx_word' id='word_1_73' title='bbox 605 1077 637 1114; x_wconf 90' lang='lat' dir='ltr'>eo</span> <span class='ocrx_word' id='word_1_74' title='bbox 651 1058 725 1131; x_wconf 90' lang='lat' dir='ltr'>quod</span> <span class='ocrx_word' id='word_1_75' title='bbox 739 1056 865 1111; x_wconf 85' lang='lat' dir='ltr'>mortalia</span> <span class='ocrx_word' id='word_1_76' title='bbox 875 1063 905 1109; x_wconf 90' lang='lat' dir='ltr'>et</span> <span class='ocrx_word' id='word_1_77' title='bbox 915 1072 984 1110; x_wconf 84' lang='lat' dir='ltr'>cor-</span> 
     </span>
     <span class='ocr_line' id='line_1_12' title="bbox 171 1132 986 1214; baseline -0.015 -17"><span class='ocrx_word' id='word_1_78' title='bbox 171 1141 316 1214; x_wconf 89' lang='lat' dir='ltr'>ruptibilia</span> <span class='ocrx_word' id='word_1_79' title='bbox 335 1141 391 1196; x_wconf 91' lang='lat' dir='ltr'>sint</span> <span class='ocrx_word' id='word_1_80' title='bbox 405 1138 536 1194; x_wconf 89' lang='lat' dir='ltr'>animalia</span> <span class='ocrx_word' id='word_1_81' title='bbox 549 1154 605 1191; x_wconf 86' lang='lat' dir='ltr'>una</span> <span class='ocrx_word' id='word_1_82' title='bbox 619 1152 683 1189; x_wconf 91' lang='lat' dir='ltr'>cum</span> <span class='ocrx_word' id='word_1_83' title='bbox 698 1134 800 1206; x_wconf 85' lang='lat' dir='ltr'>plantis</span> <span class='ocrx_word' id='word_1_84' title='bbox 815 1132 845 1185; x_wconf 90' lang='lat' dir='ltr'>in</span> <span class='ocrx_word' id='word_1_85' title='bbox 860 1148 893 1185; x_wconf 88' lang='lat' dir='ltr'>se</span> <span class='ocrx_word' id='word_1_86' title='bbox 909 1148 986 1203; x_wconf 55' lang='lat' dir='ltr'>con-⁴</span> 
     </span>
     <span class='ocr_line' id='line_1_13' title="bbox 171 1205 984 1287; baseline -0.016 -16"><span class='ocrx_word' id='word_1_87' title='bbox 171 1217 258 1272; x_wconf 84' lang='lat' dir='ltr'>clusa.</span> <span class='ocrx_word' id='word_1_88' title='bbox 297 1219 360 1273; x_wconf 91' lang='lat' dir='ltr'>lure</span> <span class='ocrx_word' id='word_1_89' title='bbox 369 1217 463 1287; x_wconf 86' lang='lat' dir='ltr'>itaque</span> <span class='ocrx_word' id='word_1_90' title='bbox 474 1213 582 1268; x_wconf 90' lang='lat' dir='ltr'>meliori</span> <span class='ocrx_word' id='word_1_91' title='bbox 592 1209 670 1265; x_wconf 91' lang='lat' dir='ltr'>dedit</span> <span class='ocrx_word' id='word_1_92' title='bbox 679 1207 863 1281; x_wconf 90' lang='lat' dir='ltr'>principalem</span> <span class='ocrx_word' id='word_1_93' title='bbox 879 1205 984 1279; x_wconf 88' lang='lat' dir='ltr'>digni·</span> 
     </span>
     <span class='ocr_line' id='line_1_14' title="bbox 171 1281 983 1364; baseline -0.016 -17"><span class='ocrx_word' id='word_1_94' title='bbox 171 1301 254 1347; x_wconf 88' lang='lat' dir='ltr'>tatem</span> <span class='ocrx_word' id='word_1_95' title='bbox 266 1309 297 1347; x_wconf 91' lang='lat' dir='ltr'>ac</span> <span class='ocrx_word' id='word_1_96' title='bbox 306 1291 539 1364; x_wconf 81' lang='lat' dir='ltr'>praerogativam,</span> <span class='ocrx_word' id='word_1_97' title='bbox 559 1285 669 1341; x_wconf 90' lang='lat' dir='ltr'>duabus</span> <span class='ocrx_word' id='word_1_98' title='bbox 680 1281 918 1356; x_wconf 78' lang='lat' dir='ltr'>appellationibus</span> <span class='ocrx_word' id='word_1_99' title='bbox 930 1298 983 1336; x_wconf 87' lang='lat' dir='ltr'>su·</span> 
     </span>
     <span class='ocr_line' id='line_1_15' title="bbox 172 1356 982 1440; baseline -0.016 -17"><span class='ocrx_word' id='word_1_100' title='bbox 172 1385 221 1437; x_wconf 93' lang='lat' dir='ltr'>pra</span> <span class='ocrx_word' id='word_1_101' title='bbox 236 1368 340 1422; x_wconf 91' lang='lat' dir='ltr'>vocatis</span> <span class='ocrx_word' id='word_1_102' title='bbox 353 1364 389 1440; x_wconf 72' lang='lat'>[⁴⁶]</span> <span class='ocrx_word' id='word_1_103' title='bbox 404 1366 539 1423; x_wconf 87' lang='lat' dir='ltr'>virtutum</span> <span class='ocrx_word' id='word_1_104' title='bbox 552 1361 652 1434; x_wconf 88' lang='lat' dir='ltr'>patris,</span> <span class='ocrx_word' id='word_1_105' title='bbox 674 1359 809 1414; x_wconf 84' lang='lat' dir='ltr'>creativae</span> <span class='ocrx_word' id='word_1_106' title='bbox 823 1356 938 1413; x_wconf 89' lang='lat' dir='ltr'>scilicet</span> <span class='ocrx_word' id='word_1_107' title='bbox 955 1366 982 1411; x_wconf 88' lang='lat' dir='ltr'>et</span> 
     </span>
     <span class='ocr_line' id='line_1_16' title="bbox 171 1431 980 1511; baseline -0.011 -17"><span class='ocrx_word' id='word_1_108' title='bbox 171 1442 274 1511; x_wconf 78' lang='lat' dir='ltr'>regiae.</span> <span class='ocrx_word' id='word_1_109' title='bbox 314 1440 357 1493; x_wconf 81' lang='lat' dir='ltr'>Ab</span> <span class='ocrx_word' id='word_1_110' title='bbox 377 1440 479 1511; x_wconf 83' lang='lat' dir='ltr'>exiguo</span> <span class='ocrx_word' id='word_1_111' title='bbox 492 1454 558 1491; x_wconf 91' lang='lat' dir='ltr'>vero</span> <span class='ocrx_word' id='word_1_112' title='bbox 571 1434 686 1490; x_wconf 90' lang='lat' dir='ltr'>abstulit</span> <span class='ocrx_word' id='word_1_113' title='bbox 700 1451 784 1489; x_wconf 90' lang='lat' dir='ltr'>unam</span> <span class='ocrx_word' id='word_1_114' title='bbox 798 1431 877 1496; x_wconf 87' lang='lat' dir='ltr'>ideo,</span> <span class='ocrx_word' id='word_1_115' title='bbox 898 1432 980 1504; x_wconf 91' lang='lat' dir='ltr'>quod</span> 
     </span>
     <span class='ocr_line' id='line_1_17' title="bbox 172 1509 981 1581; baseline -0.007 -13"><span class='ocrx_word' id='word_1_116' title='bbox 172 1512 280 1568; x_wconf 90' lang='lat' dir='ltr'>caelum</span> <span class='ocrx_word' id='word_1_117' title='bbox 290 1522 317 1568; x_wconf 88' lang='lat' dir='ltr'>et</span> <span class='ocrx_word' id='word_1_118' title='bbox 326 1513 432 1568; x_wconf 86' lang='lat' dir='ltr'>similes</span> <span class='ocrx_word' id='word_1_119' title='bbox 443 1513 470 1566; x_wconf 89' lang='lat' dir='ltr'>ei</span> <span class='ocrx_word' id='word_1_120' title='bbox 479 1520 593 1566; x_wconf 86' lang='lat' dir='ltr'>naturae</span> <span class='ocrx_word' id='word_1_121' title='bbox 603 1509 826 1566; x_wconf 83' lang='lat' dir='ltr'>immutabilitate</span> <span class='ocrx_word' id='word_1_122' title='bbox 839 1516 981 1581; x_wconf 85' lang='lat' dir='ltr'>perpetua</span> 
     </span>
     <span class='ocr_line' id='line_1_18' title="bbox 172 1585 980 1661; baseline -0.005 -20"><span class='ocrx_word' id='word_1_123' title='bbox 172 1586 323 1661; x_wconf 80' lang='lat' dir='ltr'>gaudentes</span> <span class='ocrx_word' id='word_1_124' title='bbox 341 1604 483 1657; x_wconf 91' lang='lat' dir='ltr'>nunquam</span> <span class='ocrx_word' id='word_1_125' title='bbox 498 1587 632 1642; x_wconf 88' lang='lat' dir='ltr'>satiantur</span> <span class='ocrx_word' id='word_1_126' title='bbox 647 1586 691 1642; x_wconf 88' lang='lat' dir='ltr'>vel</span> <span class='ocrx_word' id='word_1_127' title='bbox 706 1585 839 1640; x_wconf 89' lang='lat' dir='ltr'>deliciunt</span> <span class='ocrx_word' id='word_1_128' title='bbox 854 1601 870 1638; x_wconf 89' lang='lat' dir='ltr'>a</span> <span class='ocrx_word' id='word_1_129' title='bbox 885 1585 980 1639; x_wconf 90' lang='lat' dir='ltr'>servi-</span> 
     </span>
     <span class='ocr_line' id='line_1_19' title="bbox 172 1659 980 1734; baseline -0.009 -16"><span class='ocrx_word' id='word_1_130' title='bbox 172 1669 229 1718; x_wconf 87' lang='lat' dir='ltr'>tute</span> <span class='ocrx_word' id='word_1_131' title='bbox 239 1662 495 1734; x_wconf 74' lang='lat' dir='ltr'>patris,tamquam</span> <span class='ocrx_word' id='word_1_132' title='bbox 506 1670 656 1716; x_wconf 90' lang='lat' dir='ltr'>creatorem</span> <span class='ocrx_word' id='word_1_133' title='bbox 669 1662 789 1717; x_wconf 88' lang='lat' dir='ltr'>colentes</span> <span class='ocrx_word' id='word_1_134' title='bbox 803 1659 903 1723; x_wconf 84' lang='lat' dir='ltr'>deum,</span> <span class='ocrx_word' id='word_1_135' title='bbox 929 1659 980 1729; x_wconf 90' lang='lat' dir='ltr'>qui</span> 
     </span>
     <span class='ocr_line' id='line_1_20' title="bbox 172 1733 979 1808; baseline -0.006 -16"><span class='ocrx_word' id='word_1_136' title='bbox 172 1737 238 1792; x_wconf 83' lang='lat' dir='ltr'>iecit</span> <span class='ocrx_word' id='word_1_137' title='bbox 248 1734 430 1806; x_wconf 78' lang='lat' dir='ltr'>fundavitque</span> <span class='ocrx_word' id='word_1_138' title='bbox 440 1737 546 1800; x_wconf 87' lang='lat' dir='ltr'>omnia,</span> <span class='ocrx_word' id='word_1_139' title='bbox 562 1745 644 1808; x_wconf 91' lang='lat' dir='ltr'>atque</span> <span class='ocrx_word' id='word_1_140' title='bbox 655 1737 727 1791; x_wconf 90' lang='lat' dir='ltr'>sicut</span> <span class='ocrx_word' id='word_1_141' title='bbox 736 1735 797 1808; x_wconf 86' lang='lat' dir='ltr'>regi</span> <span class='ocrx_word' id='word_1_142' title='bbox 806 1733 979 1805; x_wconf 86' lang='lat' dir='ltr'>obsequium</span> 
     </span>
     <span class='ocr_line' id='line_1_21' title="bbox 172 1809 979 1887; baseline -0.004 -23"><span class='ocrx_word' id='word_1_143' title='bbox 172 1816 350 1882; x_wconf 87' lang='lat' dir='ltr'>praestantes.</span> <span class='ocrx_word' id='word_1_144' title='bbox 390 1811 445 1867; x_wconf 90' lang='lat' dir='ltr'>Nos</span> <span class='ocrx_word' id='word_1_145' title='bbox 458 1819 563 1875; x_wconf 81' lang='lat' dir='ltr'>autem.</span> <span class='ocrx_word' id='word_1_146' title='bbox 584 1812 738 1887; x_wconf 80' lang='lat' dir='ltr'>terrigenae</span> <span class='ocrx_word' id='word_1_147' title='bbox 758 1819 785 1872; x_wconf 86' lang='lat' dir='ltr'>et</span> <span class='ocrx_word' id='word_1_148' title='bbox 804 1809 979 1880; x_wconf 86' lang='lat' dir='ltr'>corruptioni</span> 
     </span>
     <span class='ocr_line' id='line_1_22' title="bbox 172 1883 979 1958; baseline -0.002 -20"><span class='ocrx_word' id='word_1_149' title='bbox 172 1885 290 1938; x_wconf 84' lang='lat' dir='ltr'>obnoxia</span> <span class='ocrx_word' id='word_1_150' title='bbox 311 1883 454 1951; x_wconf 84' lang='lat' dir='ltr'>animalia,</span> <span class='ocrx_word' id='word_1_151' title='bbox 488 1902 657 1957; x_wconf 91' lang='lat' dir='ltr'>quamquam</span> <span class='ocrx_word' id='word_1_152' title='bbox 677 1901 848 1958; x_wconf 85' lang='lat' dir='ltr'>nequeamus</span> <span class='ocrx_word' id='word_1_153' title='bbox 873 1901 979 1956; x_wconf 88' lang='lat' dir='ltr'>negare</span> 
     </span>
     <span class='ocr_line' id='line_1_23' title="bbox 172 1958 977 2033; baseline 0 -20"><span class='ocrx_word' id='word_1_154' title='bbox 172 1959 255 2013; x_wconf 93' lang='lat' dir='ltr'>deum</span> <span class='ocrx_word' id='word_1_155' title='bbox 265 1987 303 1998; x_wconf 94' lang='grc'><strong>-</strong></span> <span class='ocrx_word' id='word_1_156' title='bbox 312 1958 362 2028; x_wconf 89' lang='lat' dir='ltr'>qui</span> <span class='ocrx_word' id='word_1_157' title='bbox 376 1960 451 2014; x_wconf 89' lang='lat' dir='ltr'>enim</span> <span class='ocrx_word' id='word_1_158' title='bbox 466 1961 586 2019; x_wconf 87' lang='lat' dir='ltr'>venitin</span> <span class='ocrx_word' id='word_1_159' title='bbox 599 1963 804 2033; x_wconf 84' lang='lat' dir='ltr'>generationem</span> <span class='ocrx_word' id='word_1_160' title='bbox 814 1959 977 2022; x_wconf 82' lang='lat' dir='ltr'>creationis,</span> 
     </span>
     <span class='ocr_line' id='line_1_24' title="bbox 173 2032 980 2106; baseline 0.001 -19"><span class='ocrx_word' id='word_1_161' title='bbox 173 2032 327 2087; x_wconf 89' lang='lat' dir='ltr'>necessario</span> <span class='ocrx_word' id='word_1_162' title='bbox 337 2033 504 2106; x_wconf 81' lang='lat' dir='ltr'>imaginatur</span> <span class='ocrx_word' id='word_1_163' title='bbox 515 2052 626 2095; x_wconf 88' lang='lat' dir='ltr'>causam</span> <span class='ocrx_word' id='word_1_164' title='bbox 637 2035 801 2092; x_wconf 85' lang='lat' dir='ltr'>effectricem</span> <span class='ocrx_word' id='word_1_165' title='bbox 806 2064 853 2098; x_wconf 82' lang='lat'>-‚</span> <span class='ocrx_word' id='word_1_166' title='bbox 860 2051 980 2090; x_wconf 88' lang='lat' dir='ltr'>verum-</span> 
     </span>
     <span class='ocr_line' id='line_1_25' title="bbox 172 2108 979 2181; baseline -0.001 -19"><span class='ocrx_word' id='word_1_167' title='bbox 172 2118 262 2162; x_wconf 89' lang='lat' dir='ltr'>tamen</span> <span class='ocrx_word' id='word_1_168' title='bbox 278 2123 394 2179; x_wconf 87' lang='lat' dir='ltr'>regnum</span> <span class='ocrx_word' id='word_1_169' title='bbox 409 2127 490 2164; x_wconf 89' lang='lat' dir='ltr'>suum</span> <span class='ocrx_word' id='word_1_170' title='bbox 506 2127 538 2164; x_wconf 89' lang='lat' dir='ltr'>ac</span> <span class='ocrx_word' id='word_1_171' title='bbox 549 2110 766 2181; x_wconf 83' lang='lat' dir='ltr'>praesidentiam</span> <span class='ocrx_word' id='word_1_172' title='bbox 786 2109 846 2170; x_wconf 81' lang='lat' dir='ltr'>veri</span> <span class='ocrx_word' id='word_1_173' title='bbox 868 2108 979 2163; x_wconf 90' lang='lat' dir='ltr'>domini</span> 
     </span>
     <span class='ocr_line' id='line_1_26' title="bbox 103 2181 979 2258; baseline 0.002 -23"><span class='ocrx_word' id='word_1_174' title='bbox 103 2249 106 2258; x_wconf 20' lang='grc' dir='ltr'><strong><em>Δ</em></strong></span> <span class='ocrx_word' id='word_1_175' title='bbox 174 2198 227 2235; x_wconf 93' lang='lat' dir='ltr'>non</span> <span class='ocrx_word' id='word_1_176' title='bbox 246 2181 419 2252; x_wconf 81' lang='lat' dir='ltr'>profitemur,</span> <span class='ocrx_word' id='word_1_177' title='bbox 442 2184 558 2256; x_wconf 88' lang='lat' dir='ltr'>quidam</span> <span class='ocrx_word' id='word_1_178' title='bbox 577 2185 612 2240; x_wconf 93' lang='lat' dir='ltr'>ob</span> <span class='ocrx_word' id='word_1_179' title='bbox 628 2187 811 2256; x_wconf 85' lang='lat' dir='ltr'>impietatem,</span> <span class='ocrx_word' id='word_1_180' title='bbox 835 2183 927 2254; x_wconf 90' lang='lat' dir='ltr'>aliqui</span> <span class='ocrx_word' id='word_1_181' title='bbox 942 2183 979 2237; x_wconf 94' lang='lat' dir='ltr'>ob</span> 
     </span>
     <span class='ocr_line' id='line_1_27' title="bbox 172 2255 979 2332; baseline 0.002 -23"><span class='ocrx_word' id='word_1_182' title='bbox 172 2255 325 2326; x_wconf 89' lang='lat' dir='ltr'>malignum</span> <span class='ocrx_word' id='word_1_183' title='bbox 345 2258 486 2329; x_wconf 88' lang='lat' dir='ltr'>sophisma</span> <span class='ocrx_word' id='word_1_184' title='bbox 507 2260 706 2332; x_wconf 85' lang='lat' dir='ltr'>excogitatum:</span> <span class='ocrx_word' id='word_1_185' title='bbox 738 2257 979 2332; x_wconf 89' lang='lat' dir='ltr'>quemadmodum</span> 
     </span>
     <span class='ocr_line' id='line_1_28' title="bbox 172 2330 979 2406; baseline 0.005 -24"><span class='ocrx_word' id='word_1_186' title='bbox 172 2347 257 2402; x_wconf 88' lang='lat' dir='ltr'>prava</span> <span class='ocrx_word' id='word_1_187' title='bbox 271 2330 320 2384; x_wconf 91' lang='lat' dir='ltr'>illa</span> <span class='ocrx_word' id='word_1_188' title='bbox 335 2335 468 2389; x_wconf 89' lang='lat' dir='ltr'>sententia</span> <span class='ocrx_word' id='word_1_189' title='bbox 485 2342 621 2389; x_wconf 86' lang='lat' dir='ltr'>sectarum</span> <span class='ocrx_word' id='word_1_190' title='bbox 635 2334 866 2406; x_wconf 90' lang='lat' dir='ltr'>philosophorum</span> <span class='ocrx_word' id='word_1_191' title='bbox 879 2334 979 2405; x_wconf 86' lang='lat' dir='ltr'>provi-</span> 
     </span>
     <span class='ocr_line' id='line_1_29' title="bbox 173 2405 980 2482; baseline 0.002 -22"><span class='ocrx_word' id='word_1_192' title='bbox 173 2405 295 2460; x_wconf 89' lang='lat' dir='ltr'>dentiam</span> <span class='ocrx_word' id='word_1_193' title='bbox 305 2422 454 2478; x_wconf 87' lang='lat' dir='ltr'>curamque</span> <span class='ocrx_word' id='word_1_194' title='bbox 464 2409 551 2480; x_wconf 89' lang='lat' dir='ltr'>patris</span> <span class='ocrx_word' id='word_1_195' title='bbox 563 2424 627 2481; x_wconf 88' lang='lat' dir='ltr'>erga</span> <span class='ocrx_word' id='word_1_196' title='bbox 638 2418 715 2464; x_wconf 91' lang='lat' dir='ltr'>natos</span> <span class='ocrx_word' id='word_1_197' title='bbox 721 2428 786 2465; x_wconf 90' lang='lat' dir='ltr'>suos</span> <span class='ocrx_word' id='word_1_198' title='bbox 793 2409 853 2482; x_wconf 91' lang='lat' dir='ltr'>(per</span> <span class='ocrx_word' id='word_1_199' title='bbox 858 2409 980 2463; x_wconf 89' lang='lat' dir='ltr'>creatio-</span> 
     </span>
     <span class='ocr_line' id='line_1_30' title="bbox 173 2479 978 2554; baseline 0 -18"><span class='ocrx_word' id='word_1_200' title='bbox 173 2479 246 2554; x_wconf 88' lang='lat' dir='ltr'>nem)</span> <span class='ocrx_word' id='word_1_201' title='bbox 260 2479 402 2538; x_wconf 88' lang='lat' dir='ltr'>abscidere</span> <span class='ocrx_word' id='word_1_202' title='bbox 414 2482 489 2537; x_wconf 90' lang='lat' dir='ltr'>haud</span> <span class='ocrx_word' id='word_1_203' title='bbox 500 2483 677 2538; x_wconf 88' lang='lat' dir='ltr'>erubescunt.</span> <span class='ocrx_word' id='word_1_204' title='bbox 717 2485 806 2538; x_wconf 88' lang='lat' dir='ltr'>Huius</span> <span class='ocrx_word' id='word_1_205' title='bbox 821 2485 978 2539; x_wconf 88' lang='lat' dir='ltr'>sententiae</span> 
     </span>
     <span class='ocr_line' id='line_1_31' title="bbox 173 2555 978 2631; baseline 0.005 -22"><span class='ocrx_word' id='word_1_206' title='bbox 173 2573 204 2609; x_wconf 88' lang='lat' dir='ltr'>ac</span> <span class='ocrx_word' id='word_1_207' title='bbox 214 2573 314 2626; x_wconf 87' lang='lat' dir='ltr'>pravae</span> <span class='ocrx_word' id='word_1_208' title='bbox 328 2555 428 2610; x_wconf 87' lang='lat' dir='ltr'>mentis</span> <span class='ocrx_word' id='word_1_209' title='bbox 442 2574 492 2611; x_wconf 82' lang='lat' dir='ltr'>rex</span> <span class='ocrx_word' id='word_1_210' title='bbox 507 2558 590 2612; x_wconf 88' lang='lat' dir='ltr'>etiarn</span> <span class='ocrx_word' id='word_1_211' title='bbox 600 2559 719 2631; x_wconf 82' lang='lat' dir='ltr'>Aegypti</span> <span class='ocrx_word' id='word_1_212' title='bbox 735 2557 802 2621; x_wconf 81' lang='lat' dir='ltr'>tuit,</span> <span class='ocrx_word' id='word_1_213' title='bbox 828 2559 880 2630; x_wconf 93' lang='lat' dir='ltr'>qui</span> <span class='ocrx_word' id='word_1_214' title='bbox 894 2575 978 2629; x_wconf 89' lang='lat' dir='ltr'>prae-</span> 
     </span>
     <span class='ocr_line' id='line_1_32' title="bbox 173 2631 978 2702; baseline 0.007 -20"><span class='ocrx_word' id='word_1_215' title='bbox 173 2633 292 2702; x_wconf 91' lang='lat' dir='ltr'>sumpsit</span> <span class='ocrx_word' id='word_1_216' title='bbox 302 2631 407 2686; x_wconf 84' lang='lat' dir='ltr'>dicere:</span> <span class='ocrx_word' id='word_1_217' title='bbox 429 2632 663 2686; x_wconf 79' lang='lat' dir='ltr'>Necetodomiuum</span> <span class='ocrx_word' id='word_1_218' title='bbox 673 2636 770 2701; x_wconf 66' lang='lat' dir='ltr'>(Exooss</span> <span class='ocrx_word' id='word_1_219' title='bbox 786 2644 810 2701; x_wconf 82' lang='lat'>5,</span> <span class='ocrx_word' id='word_1_220' title='bbox 825 2639 868 2698; x_wconf 83' lang='lat'>2),</span> <span class='ocrx_word' id='word_1_221' title='bbox 882 2633 978 2688; x_wconf 90' lang='lat' dir='ltr'>decla-</span> 
     </span>
     <span class='ocr_line' id='line_1_33' title="bbox 173 2701 977 2779; baseline 0.01 -24"><span class='ocrx_word' id='word_1_222' title='bbox 173 2719 236 2758; x_wconf 89' lang='lat' dir='ltr'>rans</span> <span class='ocrx_word' id='word_1_223' title='bbox 246 2701 307 2770; x_wconf 81' lang='lat' dir='ltr'>hoc,</span> <span class='ocrx_word' id='word_1_224' title='bbox 320 2704 394 2777; x_wconf 88' lang='lat' dir='ltr'>quod</span> <span class='ocrx_word' id='word_1_225' title='bbox 405 2706 511 2769; x_wconf 87' lang='lat' dir='ltr'>„Deum</span> <span class='ocrx_word' id='word_1_226' title='bbox 517 2706 736 2776; x_wconf 80' lang='lat' dir='ltr'>noviquidem‚“</span> <span class='ocrx_word' id='word_1_227' title='bbox 745 2717 977 2779; x_wconf 84' lang='lat' dir='ltr'>propternatura-</span> 
     </span>
    </p>
   </div>
   <div class='ocr_carea' id='block_1_7' title="bbox 0 0 1031 3100">
    <p class='ocr_par' dir='ltr' id='par_1_7' title="bbox 0 0 1031 3100">
     <span class='ocr_line' id='line_1_34' title="bbox 0 0 1031 3100; baseline 0 0"><span class='ocrx_word' id='word_1_228' title='bbox 0 0 1031 3100; x_wconf 95' lang='lat' dir='ltr'> </span> 
     </span>
    </p>
   </div>
  </div>
 </body>
</html>
