2050 3100
149 195 198 249 tos
376 196 564 244 rumorem
581 195 720 243 ronam
831 192 951 260 Imma]

148 300 256 355 invenit
265 298 416 355 fortisiste.
452 297 950 373 lantramqueitaqneorisdisoerpti

147 384 254 447 partem
263 392 362 428 manns
371 374 483 435 dividit,
493 374 605 429 sinistra
615 372 740 428 inferiori
749 374 807 428 oris
816 377 889 445 pani
900 375 951 429 ad-

148 458 234 514 mota,
255 449 352 503 dextra
366 466 432 503 vero
445 450 519 503 eirea
532 464 612 502 nares
627 448 712 503 eatuli
723 465 780 502 una
790 466 856 503 enm
866 450 950 505 labiis

148 523 350 587 circumducta,
362 525 459 594 sicque
468 539 570 595 eogens
580 540 644 579 eum
653 525 744 595 magis
753 522 894 579 disiunxit
903 542 949 579 eas

147 608 253 671 partes,
271 606 352 668 atque
363 598 431 652 adeo
440 598 596 669 praevaluit
605 605 636 653 ut
644 614 695 669 per
703 598 828 653 medinm
842 599 950 655 disoer·

146 673 330 747 peretferam.
359 673 510 727 llilaeerntn
520 672 611 727 sutem
621 672 678 727 fera
687 672 849 728 dilaceratio
859 683 949 729 wans-

148 766 242 821 gressa
252 756 294 803 est
304 747 454 810 cervicem,
476 755 503 801 et
515 754 582 802 tuno
590 746 703 803 demum
713 750 833 803 cessavit
842 748 949 804 discer-

147 826 215 895 ptio‚
226 839 313 895 quum
322 831 418 877 venter
427 822 532 877 bestiae
540 822 698 897 impediret.
727 822 759 881 ld
768 830 795 877 et
805 823 948 896 Scriptura

148 898 294 972 designare
304 897 413 960 volens,
430 897 511 952 dicit:
542 898 576 951 Et
585 902 740 954 dilaceravit
749 902 858 963 leonem,
872 906 948 969 qnos

147 978 257 1030 toedren
269 990 409 1043 ereptarum
422 977 482 1042 quie
495 976 684 1041 discerpsisset,
704 977 771 1029 utlaii
783 980 887 1029 mnino
901 978 948 1029 tn-

148 1053 209 1105 tene
219 1056 336 1105 moroan
345 1055 436 1115 (tutte.
452 1054 493 1114 u,
506 1052 547 1113 i).

204 1177 248 1231 28.
279 1172 326 1229 Sic
346 1189 411 1245 ergo
430 1170 610 1229 dilaceratum
630 1172 737 1227 leonem
754 1182 946 1247 mortuumque

149 1249 229 1306 humi
243 1257 358 1304 stratum
373 1247 535 1318 dereliquit:
567 1248 627 1323 ipse
641 1257 851 1303 antemrursnm
860 1248 947 1303 redux

149 1325 321 1396 adparentes
332 1341 361 1382 se
371 1324 431 1380 suis
440 1324 544 1377 univit.
575 1322 665 1397 Atque
676 1325 714 1381 ita
724 1324 794 1378 nihil
806 1340 835 1377 se
846 1325 946 1378 miram

146 1407 320 1473 perpetrasse
330 1398 471 1463 credebat,
487 1406 519 1452 nt
528 1415 617 1473 neque
628 1400 657 1453 in
668 1400 792 1454 notitiam
802 1408 946 1469 parentum

147 1474 178 1529 id
193 1473 353 1532 adduxerit:
382 1473 431 1529 sed
445 1481 508 1548 post
522 1481 627 1528 tantum
641 1474 814 1550 praeclarum
826 1482 944 1547 gestum¹

148 1557 275 1606 eonstans
285 1551 440 1621 tacitusque
450 1551 577 1623 apparuit
591 1551 652 1603 sine
667 1550 791 1605 vulnere.
829 1551 887 1604 Neo
902 1567 946 1604 co-

148 1624 205 1680 lore
224 1622 319 1678 vultus
338 1623 499 1682 ostendebat
518 1626 657 1690 timorem,
679 1641 769 1699 neque
789 1623 947 1681 alteratione

149 1698 235 1754 animi
249 1697 387 1771 indicium
402 1698 483 1753 dabat
497 1697 577 1763 facti,
599 1716 688 1771 neque
704 1701 786 1754 etiam
802 1699 874 1754 lasso
887 1717 947 1754 cnr-

185 1790 215 1828 re
234 1771 356 1828 laborem
374 1771 547 1841 subindicat;
579 1774 629 1828 sed
649 1791 680 1829 ao
699 1775 723 1830 si
738 1775 809 1830 nihil
825 1774 944 1838 fecisset,

148 1864 210 1920 rpse
218 1847 362 1901 silentium
372 1846 537 1903 observabat
547 1849 685 1905 immobili
694 1851 871 1906 continentia.
896 1850 948 1905 Co·

149 1923 235 1978 lorem
244 1937 309 1976 vero
321 1921 446 1979 virilitati
457 1926 665 1980 convenientem
675 1925 855 1994 monstrabat;
876 1925 948 1979 mihi

149 1997 273 2060 videtur,
289 1996 364 2066 quod
376 1993 413 2075 [Ἴ
426 1998 508 2052 etiam
522 1999 594 2054 sicut
604 2001 732 2072 spiritum
743 2001 854 2056 virtutis
864 1999 948 2054 indu-

149 2090 198 2128 ens
214 2080 241 2127 et
255 2071 360 2128 divinis
374 2073 454 2128 donis
468 2073 660 2148 praefulgens,
685 2073 804 2130 futuram
819 2074 855 2130 de
870 2075 948 2130 leone

148 2147 309 2220 parabolam
332 2148 361 2203 in
383 2158 473 2205 mente
492 2151 673 2216 revolvendo,
703 2150 840 2206 occultare
859 2151 949 2205 voluit

148 2223 327 2297 problematis
347 2224 545 2280 inventionem.

205 2353 249 2407 at.
269 2348 384 2414 Quando
393 2366 459 2404 vero
467 2365 595 2404 reverens
606 2357 661 2414 est,
677 2346 848 2406 desiderium
857 2351 948 2421 quod-

147 2423 214 2478 dam
223 2425 253 2478 in
264 2441 327 2478 enm
337 2423 424 2478 leonis
434 2423 549 2478 videndi
559 2424 727 2496 ingreditur3
744 2434 827 2496 atque
839 2426 868 2478 in
877 2441 948 2479 eun-

150 2497 213 2552 dem
225 2499 343 2554 ueniens
358 2498 449 2553 locum
462 2498 535 2552 vidit
547 2499 669 2553 catulum
687 2499 744 2556 fere
762 2517 846 2571 apum
863 2499 947 2554 cella-

149 2571 222 2625 rium
233 2571 345 2626 factum.
383 2571 518 2638 Quoniam
529 2589 595 2645 apes
605 2573 721 2646 figuram
735 2575 876 2630 foraminis
886 2591 948 2630 eer-

148 2653 245 2699 nentes
259 2645 366 2700 hiatum
379 2646 435 2702 oris
448 2655 477 2708 et
489 2645 677 2702 dilatationem
691 2651 770 2704 velut
781 2652 811 2716 in
821 2650 909 2721 petris
918 2652 946 2704 in

150 2727 245 2772 ventre
254 2719 359 2773 bestiae
369 2719 555 2784 invenientes,
571 2723 646 2778 intus
661 2734 847 2796 surrepentes
857 2741 908 2796 per
917 2742 945 2780 oe
