<?xml version="1.0" encoding="UTF-8"?>
<!DOCTYPE html PUBLIC "-//W3C//DTD XHTML 1.0 Transitional//EN"
    "http://www.w3.org/TR/xhtml1/DTD/xhtml1-transitional.dtd">
<html xmlns="http://www.w3.org/1999/xhtml" xml:lang="en" lang="en">
 <head>
  <title>
</title>
<meta http-equiv="Content-Type" content="text/html;charset=utf-8" />
  <meta name='ocr-system' content='tesseract 3.04.00' />
  <meta name='ocr-capabilities' content='ocr_page ocr_carea ocr_par ocr_line ocrx_word'/>
</head>
<body>
  <div class='ocr_page' id='page_1' title='image "./operaomniaadlib02philgoog/operaomniaadlib02philgoog_0102.png"; bbox 0 0 2050 3100; ppageno 0'>
   <div class='ocr_carea' id='block_1_1' title="bbox 69 183 870 255">
    <p class='ocr_par' dir='ltr' id='par_1_1' title="bbox 69 183 870 255">
     <span class='ocr_line' id='line_1_1' title="bbox 69 183 870 255; baseline -0.011 -14"><span class='ocrx_word' id='word_1_1' title='bbox 69 188 171 255; x_wconf 56' lang='lat' dir='ltr'><strong>[uslei]</strong></span> <span class='ocrx_word' id='word_1_2' title='bbox 229 194 271 239; x_wconf 83' lang='lat' dir='ltr'><strong>IN</strong></span> <span class='ocrx_word' id='word_1_3' title='bbox 294 193 478 239; x_wconf 82' lang='lat' dir='ltr'><strong>GENESIN.</strong></span> <span class='ocrx_word' id='word_1_4' title='bbox 503 191 630 237; x_wconf 72' lang='lat' dir='ltr'>SERMO</span> <span class='ocrx_word' id='word_1_5' title='bbox 651 191 694 236; x_wconf 78' lang='lat' dir='ltr'><strong>iv.</strong></span> <span class='ocrx_word' id='word_1_6' title='bbox 836 183 870 233; x_wconf 81' lang='lat'><strong>87</strong></span> 
     </span>
    </p>
   </div>
   <div class='ocr_carea' id='block_1_2' title="bbox 68 291 934 1043">
    <p class='ocr_par' dir='ltr' id='par_1_2' title="bbox 68 291 934 1043">
     <span class='ocr_line' id='line_1_2' title="bbox 68 291 870 363; baseline -0.006 -14"><span class='ocrx_word' id='word_1_7' title='bbox 68 296 132 349; x_wconf 86' lang='lat' dir='ltr'><strong>iusti</strong></span> <span class='ocrx_word' id='word_1_8' title='bbox 150 294 337 351; x_wconf 84' lang='lat' dir='ltr'><strong>commixtum</strong></span> <span class='ocrx_word' id='word_1_9' title='bbox 357 294 407 358; x_wconf 89' lang='lat' dir='ltr'><strong>sit,</strong></span> <span class='ocrx_word' id='word_1_10' title='bbox 433 293 543 349; x_wconf 84' lang='lat' dir='ltr'>interim</span> <span class='ocrx_word' id='word_1_11' title='bbox 558 310 573 346; x_wconf 91' lang='lat' dir='ltr'><strong>a</strong></span> <span class='ocrx_word' id='word_1_12' title='bbox 587 291 725 363; x_wconf 75' lang='lat' dir='ltr'><strong>praesenti</strong></span> <span class='ocrx_word' id='word_1_13' title='bbox 744 306 870 345; x_wconf 88' lang='lat' dir='ltr'><strong>sermone</strong></span> 
     </span>
     <span class='ocr_line' id='line_1_3' title="bbox 69 366 870 441; baseline -0.007 -16"><span class='ocrx_word' id='word_1_14' title='bbox 69 386 212 441; x_wconf 79' lang='lat' dir='ltr'><strong>seponere,</strong></span> <span class='ocrx_word' id='word_1_15' title='bbox 230 382 383 440; x_wconf 80' lang='lat' dir='ltr'><strong>persuasus</strong></span> <span class='ocrx_word' id='word_1_16' title='bbox 393 368 526 425; x_wconf 87' lang='lat' dir='ltr'><strong>nimirum</strong></span> <span class='ocrx_word' id='word_1_17' title='bbox 534 368 616 421; x_wconf 85' lang='lat' dir='ltr'><strong>telem</strong></span> <span class='ocrx_word' id='word_1_18' title='bbox 627 366 744 438; x_wconf 77' lang='lat' dir='ltr'><strong>dignum</strong></span> <span class='ocrx_word' id='word_1_19' title='bbox 755 382 815 421; x_wconf 90' lang='lat' dir='ltr'><strong>esse</strong></span> <span class='ocrx_word' id='word_1_20' title='bbox 825 383 870 419; x_wconf 85' lang='lat' dir='ltr'><strong>aa·</strong></span> 
     </span>
     <span class='ocr_line' id='line_1_4' title="bbox 69 440 870 509; baseline -0.005 -10"><span class='ocrx_word' id='word_1_21' title='bbox 69 445 137 509; x_wconf 88' lang='lat' dir='ltr'><strong>lnte,</strong></span> <span class='ocrx_word' id='word_1_22' title='bbox 158 453 189 499; x_wconf 84' lang='lat' dir='ltr'><strong>ut</strong></span> <span class='ocrx_word' id='word_1_23' title='bbox 201 445 316 499; x_wconf 76' lang='lat' dir='ltr'><strong>cannino</strong></span> <span class='ocrx_word' id='word_1_24' title='bbox 327 444 460 499; x_wconf 79' lang='lat' dir='ltr'><strong>salvetur.</strong></span> <span class='ocrx_word' id='word_1_25' title='bbox 499 445 596 498; x_wconf 83' lang='lat' dir='ltr'><strong>Terror</strong></span> <span class='ocrx_word' id='word_1_26' title='bbox 606 449 697 497; x_wconf 82' lang='lat' dir='ltr'><strong>autem</strong></span> <span class='ocrx_word' id='word_1_27' title='bbox 706 458 774 496; x_wconf 87' lang='lat' dir='ltr'><strong>suus</strong></span> <span class='ocrx_word' id='word_1_28' title='bbox 785 448 826 497; x_wconf 87' lang='lat' dir='ltr'><strong>eet</strong></span> <span class='ocrx_word' id='word_1_29' title='bbox 835 440 870 495; x_wconf 90' lang='lat' dir='ltr'><strong>de</strong></span> 
     </span>
     <span class='ocr_line' id='line_1_5' title="bbox 69 516 871 589; baseline -0.005 -14"><span class='ocrx_word' id='word_1_30' title='bbox 69 522 218 575; x_wconf 82' lang='lat' dir='ltr'><strong>commixto</strong></span> <span class='ocrx_word' id='word_1_31' title='bbox 231 519 293 583; x_wconf 78' lang='lat' dir='ltr'><strong>vel,</strong></span> <span class='ocrx_word' id='word_1_32' title='bbox 314 521 340 575; x_wconf 88' lang='lat' dir='ltr'><strong>si</strong></span> <span class='ocrx_word' id='word_1_33' title='bbox 354 519 423 575; x_wconf 85' lang='lat' dir='ltr'><strong>velit</strong></span> <span class='ocrx_word' id='word_1_34' title='bbox 437 519 500 589; x_wconf 82' lang='lat' dir='ltr'><strong>quis</strong></span> <span class='ocrx_word' id='word_1_35' title='bbox 512 516 618 581; x_wconf 78' lang='lat' dir='ltr'><strong>dicere,</strong></span> <span class='ocrx_word' id='word_1_36' title='bbox 639 516 674 571; x_wconf 89' lang='lat' dir='ltr'><strong>de</strong></span> <span class='ocrx_word' id='word_1_37' title='bbox 684 516 826 587; x_wconf 79' lang='lat' dir='ltr'><strong>coagulato</strong></span> <span class='ocrx_word' id='word_1_38' title='bbox 835 532 871 571; x_wconf 84' lang='lat' dir='ltr'><strong>ex</strong></span> 
     </span>
     <span class='ocr_line' id='line_1_6' title="bbox 69 590 934 665; baseline -0.005 -17"><span class='ocrx_word' id='word_1_39' title='bbox 69 597 140 649; x_wconf 88' lang='lat' dir='ltr'><strong>iusto</strong></span> <span class='ocrx_word' id='word_1_40' title='bbox 151 602 179 650; x_wconf 90' lang='lat' dir='ltr'><strong>et</strong></span> <span class='ocrx_word' id='word_1_41' title='bbox 188 595 309 662; x_wconf 80' lang='lat' dir='ltr'><strong>iniust03</strong></span> <span class='ocrx_word' id='word_1_42' title='bbox 331 594 463 665; x_wconf 86' lang='lat' dir='ltr'><strong>quoniam</strong></span> <span class='ocrx_word' id='word_1_43' title='bbox 473 593 565 657; x_wconf 84' lang='lat' dir='ltr'><strong>talem,</strong></span> <span class='ocrx_word' id='word_1_44' title='bbox 577 593 627 663; x_wconf 86' lang='lat' dir='ltr'><strong>qui</strong></span> <span class='ocrx_word' id='word_1_45' title='bbox 637 592 708 664; x_wconf 82' lang='lat' dir='ltr'><strong>gerit</strong></span> <span class='ocrx_word' id='word_1_46' title='bbox 717 592 747 647; x_wconf 88' lang='lat' dir='ltr'><strong>iu</strong></span> <span class='ocrx_word' id='word_1_47' title='bbox 756 608 785 647; x_wconf 88' lang='lat' dir='ltr'><strong>se</strong></span> <span class='ocrx_word' id='word_1_48' title='bbox 796 591 872 646; x_wconf 85' lang='lat' dir='ltr'><strong>scin-</strong></span> <span class='ocrx_word' id='word_1_49' title='bbox 930 590 934 597; x_wconf 88' lang='grc'><strong>’</strong></span> 
     </span>
     <span class='ocr_line' id='line_1_7' title="bbox 69 667 868 741; baseline -0.003 -18"><span class='ocrx_word' id='word_1_50' title='bbox 69 670 158 725; x_wconf 80' lang='lat' dir='ltr'><strong>tillem</strong></span> <span class='ocrx_word' id='word_1_51' title='bbox 177 669 337 741; x_wconf 80' lang='lat' dir='ltr'><strong>splendoris</strong></span> <span class='ocrx_word' id='word_1_52' title='bbox 351 670 481 741; x_wconf 81' lang='lat' dir='ltr'><strong>ignisque</strong></span> <span class='ocrx_word' id='word_1_53' title='bbox 495 668 618 724; x_wconf 87' lang='lat' dir='ltr'><strong>iustitiae</strong></span> <span class='ocrx_word' id='word_1_54' title='bbox 632 668 682 721; x_wconf 82' lang='lat' dir='ltr'><strong>vix</strong></span> <span class='ocrx_word' id='word_1_55' title='bbox 696 667 868 728; x_wconf 83' lang='lat' dir='ltr'><strong>exstinctam,</strong></span> 
     </span>
     <span class='ocr_line' id='line_1_8' title="bbox 68 740 871 817; baseline -0.005 -18"><span class='ocrx_word' id='word_1_56' title='bbox 68 754 161 817; x_wconf 77' lang='lat' dir='ltr'><strong>sperat</strong></span> <span class='ocrx_word' id='word_1_57' title='bbox 176 745 300 799; x_wconf 85' lang='lat' dir='ltr'><strong>converti</strong></span> <span class='ocrx_word' id='word_1_58' title='bbox 314 761 397 815; x_wconf 83' lang='lat' dir='ltr'><strong>posse</strong></span> <span class='ocrx_word' id='word_1_59' title='bbox 406 745 436 797; x_wconf 91' lang='lat' dir='ltr'><strong>in</strong></span> <span class='ocrx_word' id='word_1_60' title='bbox 445 744 589 799; x_wconf 86' lang='lat' dir='ltr'><strong>sanitatem</strong></span> <span class='ocrx_word' id='word_1_61' title='bbox 600 741 785 813; x_wconf 84' lang='lat' dir='ltr'><strong>spiritualem.</strong></span> <span class='ocrx_word' id='word_1_62' title='bbox 825 740 871 795; x_wconf 89' lang='lat' dir='ltr'><strong>Si·</strong></span> 
     </span>
     <span class='ocr_line' id='line_1_9' title="bbox 69 815 870 891; baseline -0.004 -18"><span class='ocrx_word' id='word_1_63' title='bbox 69 820 185 891; x_wconf 86' lang='lat' dir='ltr'><strong>quidem</strong></span> <span class='ocrx_word' id='word_1_64' title='bbox 195 820 297 875; x_wconf 88' lang='lat' dir='ltr'><strong>melius</strong></span> <span class='ocrx_word' id='word_1_65' title='bbox 308 827 335 874; x_wconf 86' lang='lat' dir='ltr'><strong>et</strong></span> <span class='ocrx_word' id='word_1_66' title='bbox 345 819 488 875; x_wconf 77' lang='lat' dir='ltr'><strong>decentius</strong></span> <span class='ocrx_word' id='word_1_67' title='bbox 498 819 658 881; x_wconf 83' lang='lat' dir='ltr'><strong>arbitratur,</strong></span> <span class='ocrx_word' id='word_1_68' title='bbox 674 815 870 887; x_wconf 76' lang='lat' dir='ltr'><strong>per-beneficas</strong></span> 
     </span>
     <span class='ocr_line' id='line_1_10' title="bbox 69 888 871 968; baseline -0.005 -19"><span class='ocrx_word' id='word_1_69' title='bbox 69 895 114 950; x_wconf 91' lang='lat' dir='ltr'><strong>dei</strong></span> <span class='ocrx_word' id='word_1_70' title='bbox 131 888 251 951; x_wconf 66' lang='lat' dir='ltr'><strong>iirtutes</strong></span> <span class='ocrx_word' id='word_1_71' title='bbox 263 912 313 966; x_wconf 82' lang='lat' dir='ltr'><strong>pro</strong></span> <span class='ocrx_word' id='word_1_72' title='bbox 328 896 402 951; x_wconf 88' lang='lat' dir='ltr'><strong>iusto</strong></span> <span class='ocrx_word' id='word_1_73' title='bbox 417 891 454 968; x_wconf 72' lang='grc' dir='ltr'><strong>[Ἴ</strong></span> <span class='ocrx_word' id='word_1_74' title='bbox 471 894 591 949; x_wconf 90' lang='lat' dir='ltr'><strong>diminui</strong></span> <span class='ocrx_word' id='word_1_75' title='bbox 604 893 741 964; x_wconf 87' lang='lat' dir='ltr'><strong>supplicia</strong></span> <span class='ocrx_word' id='word_1_76' title='bbox 755 908 806 963; x_wconf 88' lang='lat' dir='ltr'><strong>pro</strong></span> <span class='ocrx_word' id='word_1_77' title='bbox 815 891 871 945; x_wconf 91' lang='lat' dir='ltr'><strong>ini·</strong></span> 
     </span>
     <span class='ocr_line' id='line_1_11' title="bbox 69 966 868 1043; baseline -0.009 -17"><span class='ocrx_word' id='word_1_78' title='bbox 69 972 134 1042; x_wconf 89' lang='lat' dir='ltr'><strong>quis</strong></span> <span class='ocrx_word' id='word_1_79' title='bbox 143 970 280 1043; x_wconf 89' lang='lat' dir='ltr'><strong>deposita,</strong></span> <span class='ocrx_word' id='word_1_80' title='bbox 292 986 377 1042; x_wconf 84' lang='lat' dir='ltr'><strong>quam</strong></span> <span class='ocrx_word' id='word_1_81' title='bbox 387 970 535 1043; x_wconf 87' lang='lat' dir='ltr'><strong>impiorum</strong></span> <span class='ocrx_word' id='word_1_82' title='bbox 545 985 628 1023; x_wconf 86' lang='lat' dir='ltr'><strong>causa</strong></span> <span class='ocrx_word' id='word_1_83' title='bbox 638 966 746 1023; x_wconf 77' lang='lat' dir='ltr'><strong>deuehi</strong></span> <span class='ocrx_word' id='word_1_84' title='bbox 755 968 868 1023; x_wconf 86' lang='lat' dir='ltr'><strong>iustum.</strong></span> 
     </span>
    </p>
   </div>
   <div class='ocr_carea' id='block_1_3' title="bbox 55 1153 874 1574">
    <p class='ocr_par' dir='ltr' id='par_1_3' title="bbox 55 1153 874 1574">
     <span class='ocr_line' id='line_1_12' title="bbox 73 1153 871 1227; baseline -0.01 -15"><span class='ocrx_word' id='word_1_85' title='bbox 73 1163 154 1219; x_wconf 77' lang='lat' dir='ltr'><strong>Quare</strong></span> <span class='ocrx_word' id='word_1_86' title='bbox 179 1162 406 1227; x_wconf 73' lang='lat' dir='ltr'><strong>eae-quinquapinta</strong></span> <span class='ocrx_word' id='word_1_87' title='bbox 433 1160 547 1209; x_wconf 79' lang='lat' dir='ltr'><strong>incloaas</strong></span> <span class='ocrx_word' id='word_1_88' title='bbox 569 1159 592 1208; x_wconf 82' lang='lat' dir='ltr'><strong>in</strong></span> <span class='ocrx_word' id='word_1_89' title='bbox 616 1158 695 1208; x_wconf 85' lang='lat' dir='ltr'><strong>decem</strong></span> <span class='ocrx_word' id='word_1_90' title='bbox 719 1153 871 1206; x_wconf 57' lang='lat' dir='ltr'><strong>damnaui?</strong></span> 
     </span>
     <span class='ocr_line' id='line_1_13' title="bbox 55 1225 874 1292; baseline -0.012 -12"><span class='ocrx_word' id='word_1_91' title='bbox 55 1270 60 1279; x_wconf 93' lang='lat'>.</span> <span class='ocrx_word' id='word_1_92' title='bbox 139 1230 190 1279; x_wconf 76' lang='lat' dir='ltr'><strong>Ono·</strong></span> <span class='ocrx_word' id='word_1_93' title='bbox 211 1238 288 1279; x_wconf 78' lang='lat' dir='ltr'><strong>aretem</strong></span> <span class='ocrx_word' id='word_1_94' title='bbox 309 1230 353 1278; x_wconf 84' lang='lat' dir='ltr'><strong>sub</strong></span> <span class='ocrx_word' id='word_1_95' title='bbox 370 1228 488 1292; x_wconf 77' lang='lat' dir='ltr'><strong>priuat&#39;pio</strong></span> <span class='ocrx_word' id='word_1_96' title='bbox 510 1228 584 1291; x_wconf 68' lang='lat' dir='ltr'><strong>quara</strong></span> <span class='ocrx_word' id='word_1_97' title='bbox 602 1226 637 1275; x_wconf 65' lang='lat' dir='ltr'><strong>oio</strong></span> <span class='ocrx_word' id='word_1_98' title='bbox 654 1226 735 1289; x_wconf 79' lang='lat' dir='ltr'><strong>aufert</strong></span> <span class='ocrx_word' id='word_1_99' title='bbox 749 1225 874 1289; x_wconf 47' lang='lat' dir='ltr'><strong>usquead</strong></span> 
     </span>
     <span class='ocr_line' id='line_1_14' title="bbox 136 1288 870 1361; baseline -0.011 -15"><span class='ocrx_word' id='word_1_100' title='bbox 136 1297 315 1361; x_wconf 71' lang='lat' dir='ltr'><strong>quadruplata,</strong></span> <span class='ocrx_word' id='word_1_101' title='bbox 336 1305 395 1360; x_wconf 84' lang='lat' dir='ltr'><strong>poet</strong></span> <span class='ocrx_word' id='word_1_102' title='bbox 409 1312 463 1345; x_wconf 82' lang='lat' dir='ltr'><strong>uero</strong></span> <span class='ocrx_word' id='word_1_103' title='bbox 478 1296 558 1345; x_wconf 78' lang='lat' dir='ltr'><strong>decem</strong></span> <span class='ocrx_word' id='word_1_104' title='bbox 575 1294 654 1342; x_wconf 55' lang='lat' dir='ltr'><strong>&amp;cem</strong></span> <span class='ocrx_word' id='word_1_105' title='bbox 668 1307 741 1355; x_wconf 82' lang='lat' dir='ltr'><strong>aeque</strong></span> <span class='ocrx_word' id='word_1_106' title='bbox 755 1288 870 1351; x_wconf 73' lang='lat' dir='ltr'><strong>adsim</strong></span> 
     </span>
     <span class='ocr_line' id='line_1_15' title="bbox 136 1358 872 1425; baseline -0.01 -11"><span class='ocrx_word' id='word_1_107' title='bbox 136 1366 188 1414; x_wconf 68' lang='lat' dir='ltr'><strong>ariae</strong></span> <span class='ocrx_word' id='word_1_108' title='bbox 206 1364 336 1414; x_wconf 59' lang='lat' dir='ltr'><strong>domnam</strong></span> <span class='ocrx_word' id='word_1_109' title='bbox 357 1361 426 1416; x_wconf 74' lang='lat' dir='ltr'><strong>Dicit</strong></span> <span class='ocrx_word' id='word_1_110' title='bbox 437 1362 510 1415; x_wconf 75' lang='lat' dir='ltr'><strong>coare.-</strong></span> <span class='ocrx_word' id='word_1_111' title='bbox 527 1360 583 1424; x_wconf 80' lang='lat' dir='ltr'><strong>„Si</strong></span> <span class='ocrx_word' id='word_1_112' title='bbox 590 1359 686 1425; x_wconf 72' lang='lat' dir='ltr'><strong>fuerim</strong></span> <span class='ocrx_word' id='word_1_113' title='bbox 700 1358 872 1423; x_wconf 70' lang='lat' dir='ltr'><strong>quiaquapiruto</strong></span> 
     </span>
     <span class='ocr_line' id='line_1_16' title="bbox 137 1424 872 1494; baseline -0.012 -11"><span class='ocrx_word' id='word_1_114' title='bbox 137 1430 362 1494; x_wconf 59' lang='lat' dir='ltr'><strong>pertinacitate,</strong></span> <span class='ocrx_word' id='word_1_115' title='bbox 383 1430 471 1494; x_wconf 73' lang='lat' dir='ltr'><strong>perdes</strong></span> <span class='ocrx_word' id='word_1_116' title='bbox 487 1430 556 1481; x_wconf 75' lang='lat' dir='ltr'><strong>illua?</strong></span> <span class='ocrx_word' id='word_1_117' title='bbox 582 1445 664 1481; x_wconf 79' lang='lat' dir='ltr'><strong>nonne</strong></span> <span class='ocrx_word' id='word_1_118' title='bbox 681 1426 781 1476; x_wconf 77' lang='lat' dir='ltr'><strong>diarittee</strong></span> <span class='ocrx_word' id='word_1_119' title='bbox 799 1424 872 1475; x_wconf 74' lang='lat' dir='ltr'><strong>hears</strong></span> 
     </span>
     <span class='ocr_line' id='line_1_17' title="bbox 138 1494 871 1574; baseline -0.012 -22"><span class='ocrx_word' id='word_1_120' title='bbox 138 1500 243 1552; x_wconf 53' lang='lat' dir='ltr'><strong>illurnffl‘</strong></span> <span class='ocrx_word' id='word_1_121' title='bbox 270 1509 305 1551; x_wconf 77' lang='lat' dir='ltr'><strong>et.-</strong></span> <span class='ocrx_word' id='word_1_122' title='bbox 330 1496 424 1564; x_wconf 62' lang='lat' dir='ltr'><strong>„Qud</strong></span> <span class='ocrx_word' id='word_1_123' title='bbox 437 1499 461 1550; x_wconf 70' lang='grc' dir='ltr'><strong>εἰ</strong></span> <span class='ocrx_word' id='word_1_124' title='bbox 475 1497 639 1563; x_wconf 74' lang='lat' dir='ltr'><strong>quadrapioto</strong></span> <span class='ocrx_word' id='word_1_125' title='bbox 659 1505 681 1545; x_wconf 84' lang='lat' dir='ltr'><strong>et</strong></span> <span class='ocrx_word' id='word_1_126' title='bbox 699 1494 800 1560; x_wconf 65' lang='lat' dir='ltr'><strong>quaque</strong></span> <span class='ocrx_word' id='word_1_127' title='bbox 815 1495 871 1574; x_wconf 71' lang='lat' dir='ltr'><strong>sne-</strong></span> 
     </span>
    </p>
   </div>
   <div class='ocr_carea' id='block_1_4' title="bbox 139 1561 873 1768">
    <p class='ocr_par' dir='ltr' id='par_1_4' title="bbox 139 1561 873 1768">
     <span class='ocr_line' id='line_1_18' title="bbox 139 1561 869 1631; baseline -0.007 -13"><span class='ocrx_word' id='word_1_128' title='bbox 139 1569 227 1618; x_wconf 76' lang='lat' dir='ltr'><strong>riat?“</strong></span> <span class='ocrx_word' id='word_1_129' title='bbox 254 1578 289 1618; x_wconf 83' lang='lat' dir='ltr'><strong>et:</strong></span> <span class='ocrx_word' id='word_1_130' title='bbox 325 1566 382 1631; x_wconf 74' lang='lat' dir='ltr'><strong>„si</strong></span> <span class='ocrx_word' id='word_1_131' title='bbox 401 1584 455 1618; x_wconf 84' lang='lat' dir='ltr'><strong>vero</strong></span> <span class='ocrx_word' id='word_1_132' title='bbox 479 1566 679 1631; x_wconf 54' lang='grc' dir='ltr'><strong>ᾳιιαᾱνῳίηιαθ(ί</strong></span> <span class='ocrx_word' id='word_1_133' title='bbox 706 1573 742 1614; x_wconf 76' lang='lat' dir='ltr'><strong>et.-</strong></span> <span class='ocrx_word' id='word_1_134' title='bbox 771 1561 869 1625; x_wconf 67' lang='lat' dir='ltr'><strong>„Quod</strong></span> 
     </span>
     <span class='ocr_line' id='line_1_19' title="bbox 139 1629 873 1700; baseline -0.01 -15"><span class='ocrx_word' id='word_1_135' title='bbox 139 1637 163 1685; x_wconf 83' lang='lat' dir='ltr'><strong>ai</strong></span> <span class='ocrx_word' id='word_1_136' title='bbox 180 1637 295 1700; x_wconf 77' lang='lat' dir='ltr'><strong>triqintai</strong></span> <span class='ocrx_word' id='word_1_137' title='bbox 327 1631 393 1691; x_wconf 83' lang='lat' dir='ltr'><strong>Quid</strong></span> <span class='ocrx_word' id='word_1_138' title='bbox 408 1652 475 1696; x_wconf 83' lang='lat' dir='ltr'><strong>vero,</strong></span> <span class='ocrx_word' id='word_1_139' title='bbox 497 1633 657 1698; x_wconf 60' lang='lat' dir='ltr'><strong>sioiputffl</strong></span> <span class='ocrx_word' id='word_1_140' title='bbox 674 1642 710 1682; x_wconf 85' lang='lat' dir='ltr'><strong>et:</strong></span> <span class='ocrx_word' id='word_1_141' title='bbox 741 1629 833 1695; x_wconf 77' lang='lat' dir='ltr'><strong>„Quid</strong></span> <span class='ocrx_word' id='word_1_142' title='bbox 852 1633 873 1678; x_wconf 84' lang='lat' dir='ltr'><strong>si</strong></span> 
     </span>
     <span class='ocr_line' id='line_1_20' title="bbox 140 1701 668 1768; baseline -0.002 -17"><span class='ocrx_word' id='word_1_143' title='bbox 140 1704 260 1753; x_wconf 69' lang='lat' dir='ltr'><strong>decemW</strong></span> <span class='ocrx_word' id='word_1_144' title='bbox 278 1704 331 1768; x_wconf 82' lang='lat'><strong>(18,</strong></span> <span class='ocrx_word' id='word_1_145' title='bbox 342 1703 473 1762; x_wconf 80' lang='lat'>24-32.)</span> <span class='ocrx_word' id='word_1_146' title='bbox 666 1701 668 1706; x_wconf 80' lang='grc'><strong>’</strong></span> 
     </span>
    </p>
   </div>
   <div class='ocr_carea' id='block_1_5' title="bbox 73 1820 875 2778">
    <p class='ocr_par' dir='ltr' id='par_1_5' title="bbox 73 1820 875 2778">
     <span class='ocr_line' id='line_1_21' title="bbox 130 1820 871 1893; baseline -0.009 -15"><span class='ocrx_word' id='word_1_147' title='bbox 130 1823 172 1878; x_wconf 79' lang='lat'><strong>27.</strong></span> <span class='ocrx_word' id='word_1_148' title='bbox 193 1823 251 1876; x_wconf 92' lang='lat' dir='ltr'><strong>Duc</strong></span> <span class='ocrx_word' id='word_1_149' title='bbox 265 1822 347 1893; x_wconf 86' lang='lat' dir='ltr'><strong>petit:</strong></span> <span class='ocrx_word' id='word_1_150' title='bbox 370 1830 397 1876; x_wconf 89' lang='lat' dir='ltr'><strong>et</strong></span> <span class='ocrx_word' id='word_1_151' title='bbox 409 1822 496 1877; x_wconf 84' lang='lat' dir='ltr'><strong>iustos</strong></span> <span class='ocrx_word' id='word_1_152' title='bbox 507 1820 623 1884; x_wconf 86' lang='lat' dir='ltr'><strong>salvari,</strong></span> <span class='ocrx_word' id='word_1_153' title='bbox 645 1827 775 1874; x_wconf 90' lang='lat' dir='ltr'><strong>eteorum</strong></span> <span class='ocrx_word' id='word_1_154' title='bbox 785 1820 871 1890; x_wconf 80' lang='lat' dir='ltr'><strong>gretia</strong></span> 
     </span>
     <span class='ocr_line' id='line_1_22' title="bbox 74 1893 873 1964; baseline -0.005 -14"><span class='ocrx_word' id='word_1_155' title='bbox 74 1905 206 1952; x_wconf 82' lang='lat' dir='ltr'><strong>caeteros.</strong></span> <span class='ocrx_word' id='word_1_156' title='bbox 239 1897 353 1962; x_wconf 83' lang='lat' dir='ltr'><strong>Numeri</strong></span> <span class='ocrx_word' id='word_1_157' title='bbox 362 1913 533 1952; x_wconf 86' lang='lat' dir='ltr'><strong>veroomnes</strong></span> <span class='ocrx_word' id='word_1_158' title='bbox 542 1895 613 1950; x_wconf 88' lang='lat' dir='ltr'><strong>sacri</strong></span> <span class='ocrx_word' id='word_1_159' title='bbox 623 1902 697 1950; x_wconf 87' lang='lat' dir='ltr'><strong>snut.</strong></span> <span class='ocrx_word' id='word_1_160' title='bbox 729 1893 873 1964; x_wconf 83' lang='lat' dir='ltr'><strong>Quinqua-</strong></span> 
     </span>
     <span class='ocr_line' id='line_1_23' title="bbox 73 1971 873 2044; baseline -0.005 -18"><span class='ocrx_word' id='word_1_161' title='bbox 73 1973 149 2043; x_wconf 82' lang='lat' dir='ltr'><strong>ginta</strong></span> <span class='ocrx_word' id='word_1_162' title='bbox 171 1989 207 2028; x_wconf 78' lang='lat' dir='ltr'><strong>ex</strong></span> <span class='ocrx_word' id='word_1_163' title='bbox 225 1972 387 2044; x_wconf 79' lang='lat' dir='ltr'><strong>rectangulo</strong></span> <span class='ocrx_word' id='word_1_164' title='bbox 402 1971 549 2044; x_wconf 77' lang='lat' dir='ltr'><strong>trianguli;</strong></span> <span class='ocrx_word' id='word_1_165' title='bbox 578 1971 667 2025; x_wconf 86' lang='lat' dir='ltr'><strong>virtus</strong></span> <span class='ocrx_word' id='word_1_166' title='bbox 688 1978 780 2024; x_wconf 82' lang='lat' dir='ltr'><strong>eutem</strong></span> <span class='ocrx_word' id='word_1_167' title='bbox 798 1971 873 2022; x_wconf 88' lang='lat' dir='ltr'><strong>eius·</strong></span> 
     </span>
     <span class='ocr_line' id='line_1_24' title="bbox 73 2045 873 2120; baseline -0.006 -18"><span class='ocrx_word' id='word_1_168' title='bbox 73 2047 163 2110; x_wconf 87' lang='lat' dir='ltr'><strong>modi,</strong></span> <span class='ocrx_word' id='word_1_169' title='bbox 190 2054 221 2102; x_wconf 94' lang='lat' dir='ltr'><strong>ut</strong></span> <span class='ocrx_word' id='word_1_170' title='bbox 234 2048 467 2120; x_wconf 83' lang='lat' dir='ltr'><strong>quinquagesimo</strong></span> <span class='ocrx_word' id='word_1_171' title='bbox 483 2045 573 2119; x_wconf 87' lang='lat' dir='ltr'><strong>(anno)</strong></span> <span class='ocrx_word' id='word_1_172' title='bbox 592 2045 792 2099; x_wconf 81' lang='lat' dir='ltr'><strong>remissionnem</strong></span> <span class='ocrx_word' id='word_1_173' title='bbox 808 2059 873 2113; x_wconf 88' lang='lat' dir='ltr'><strong>pro·</strong></span> 
     </span>
     <span class='ocr_line' id='line_1_25' title="bbox 73 2117 873 2194; baseline -0.008 -18"><span class='ocrx_word' id='word_1_174' title='bbox 73 2122 157 2192; x_wconf 82' lang='lat' dir='ltr'><strong>pheta</strong></span> <span class='ocrx_word' id='word_1_175' title='bbox 170 2123 320 2193; x_wconf 88' lang='lat' dir='ltr'><strong>praedicat.</strong></span> <span class='ocrx_word' id='word_1_176' title='bbox 359 2121 546 2194; x_wconf 79' lang='lat' dir='ltr'><strong>Quadraginta</strong></span> <span class='ocrx_word' id='word_1_177' title='bbox 560 2137 626 2175; x_wconf 91' lang='lat' dir='ltr'><strong>vero</strong></span> <span class='ocrx_word' id='word_1_178' title='bbox 640 2128 667 2174; x_wconf 86' lang='lat' dir='ltr'><strong>et</strong></span> <span class='ocrx_word' id='word_1_179' title='bbox 680 2120 805 2190; x_wconf 90' lang='lat' dir='ltr'><strong>quiaque</strong></span> <span class='ocrx_word' id='word_1_180' title='bbox 819 2117 873 2172; x_wconf 87' lang='lat' dir='ltr'><strong>ler-</strong></span> 
     </span>
     <span class='ocr_line' id='line_1_26' title="bbox 75 2194 871 2266; baseline -0.005 -15"><span class='ocrx_word' id='word_1_181' title='bbox 75 2197 133 2252; x_wconf 85' lang='lat' dir='ltr'><strong>tilis</strong></span> <span class='ocrx_word' id='word_1_182' title='bbox 147 2204 193 2252; x_wconf 85' lang='lat' dir='ltr'><strong>est</strong></span> <span class='ocrx_word' id='word_1_183' title='bbox 206 2213 352 2260; x_wconf 85' lang='lat' dir='ltr'><strong>numerus,</strong></span> <span class='ocrx_word' id='word_1_184' title='bbox 377 2205 503 2254; x_wconf 83' lang='lat' dir='ltr'><strong>constans</strong></span> <span class='ocrx_word' id='word_1_185' title='bbox 518 2213 553 2251; x_wconf 85' lang='lat' dir='ltr'><strong>ex</strong></span> <span class='ocrx_word' id='word_1_186' title='bbox 566 2194 696 2252; x_wconf 85' lang='lat' dir='ltr'><strong>laterculo</strong></span> <span class='ocrx_word' id='word_1_187' title='bbox 708 2194 871 2266; x_wconf 79' lang='lat' dir='ltr'><strong>triplicium,</strong></span> 
     </span>
     <span class='ocr_line' id='line_1_27' title="bbox 75 2267 874 2342; baseline -0.005 -16"><span class='ocrx_word' id='word_1_188' title='bbox 75 2281 212 2342; x_wconf 87' lang='lat' dir='ltr'><strong>quatenus</strong></span> <span class='ocrx_word' id='word_1_189' title='bbox 236 2272 326 2327; x_wconf 86' lang='lat' dir='ltr'><strong>tribus</strong></span> <span class='ocrx_word' id='word_1_190' title='bbox 347 2271 499 2328; x_wconf 87' lang='lat' dir='ltr'><strong>rationibus</strong></span> <span class='ocrx_word' id='word_1_191' title='bbox 523 2271 646 2342; x_wconf 87' lang='lat' dir='ltr'><strong>primum</strong></span> <span class='ocrx_word' id='word_1_192' title='bbox 662 2269 792 2325; x_wconf 84' lang='lat' dir='ltr'><strong>videntur</strong></span> <span class='ocrx_word' id='word_1_193' title='bbox 811 2267 874 2322; x_wconf 79' lang='lat' dir='ltr'><strong>Ari-</strong></span> 
     </span>
     <span class='ocr_line' id='line_1_28' title="bbox 74 2345 874 2418; baseline -0.008 -16"><span class='ocrx_word' id='word_1_194' title='bbox 74 2345 220 2418; x_wconf 83' lang='lat' dir='ltr'><strong>thmetica,</strong></span> <span class='ocrx_word' id='word_1_195' title='bbox 235 2346 406 2404; x_wconf 84' lang='lat' dir='ltr'><strong>Geometrica</strong></span> <span class='ocrx_word' id='word_1_196' title='bbox 417 2357 443 2401; x_wconf 87' lang='lat' dir='ltr'><strong>at</strong></span> <span class='ocrx_word' id='word_1_197' title='bbox 452 2346 623 2408; x_wconf 84' lang='lat' dir='ltr'><strong>Harmonice.</strong></span> <span class='ocrx_word' id='word_1_198' title='bbox 659 2345 820 2400; x_wconf 77' lang='lat' dir='ltr'><strong>laterculus</strong></span> <span class='ocrx_word' id='word_1_199' title='bbox 833 2351 874 2397; x_wconf 87' lang='lat' dir='ltr'><strong>est</strong></span> 
     </span>
     <span class='ocr_line' id='line_1_29' title="bbox 74 2411 874 2492; baseline -0.008 -16"><span class='ocrx_word' id='word_1_200' title='bbox 74 2423 148 2476; x_wconf 89' lang='lat' dir='ltr'><strong>enim</strong></span> <span class='ocrx_word' id='word_1_201' title='bbox 169 2423 215 2478; x_wconf 86' lang='lat' dir='ltr'><strong>Vl.</strong></span> <span class='ocrx_word' id='word_1_202' title='bbox 235 2423 285 2478; x_wconf 87' lang='lat' dir='ltr'><strong>lX.</strong></span> <span class='ocrx_word' id='word_1_203' title='bbox 306 2423 367 2478; x_wconf 90' lang='lat' dir='ltr'><strong>Xll.</strong></span> <span class='ocrx_word' id='word_1_204' title='bbox 387 2423 486 2486; x_wconf 89' lang='lat' dir='ltr'><strong>XVIII,</strong></span> <span class='ocrx_word' id='word_1_205' title='bbox 512 2411 630 2492; x_wconf 81' lang='lat' dir='ltr'><strong>quorum</strong></span> <span class='ocrx_word' id='word_1_206' title='bbox 648 2420 814 2474; x_wconf 86' lang='lat' dir='ltr'><strong>constructio</strong></span> <span class='ocrx_word' id='word_1_207' title='bbox 833 2425 874 2471; x_wconf 89' lang='lat' dir='ltr'><strong>est</strong></span> 
     </span>
     <span class='ocr_line' id='line_1_30' title="bbox 74 2491 874 2567; baseline -0.011 -15"><span class='ocrx_word' id='word_1_208' title='bbox 74 2498 156 2552; x_wconf 85' lang='lat' dir='ltr'><strong>XLV.</strong></span> <span class='ocrx_word' id='word_1_209' title='bbox 197 2497 233 2552; x_wconf 88' lang='lat' dir='ltr'><strong>Et</strong></span> <span class='ocrx_word' id='word_1_210' title='bbox 249 2497 280 2552; x_wconf 92' lang='lat' dir='ltr'><strong>in</strong></span> <span class='ocrx_word' id='word_1_211' title='bbox 297 2504 337 2554; x_wconf 87' lang='lat' dir='ltr'><strong>tct</strong></span> <span class='ocrx_word' id='word_1_212' title='bbox 358 2495 457 2554; x_wconf 88' lang='lat' dir='ltr'><strong>diebus</strong></span> <span class='ocrx_word' id='word_1_213' title='bbox 477 2497 569 2567; x_wconf 85' lang='lat' dir='ltr'><strong>iisque</strong></span> <span class='ocrx_word' id='word_1_214' title='bbox 587 2495 742 2566; x_wconf 83' lang='lat' dir='ltr'><strong>imparibus</strong></span> <span class='ocrx_word' id='word_1_215' title='bbox 761 2491 874 2562; x_wconf 83' lang='lat' dir='ltr'><strong>lingitur</strong></span> 
     </span>
     <span class='ocr_line' id='line_1_31' title="bbox 76 2563 874 2636; baseline -0.009 -10"><span class='ocrx_word' id='word_1_216' title='bbox 76 2569 165 2628; x_wconf 88' lang='lat' dir='ltr'><strong>loe&#39;tus</strong></span> <span class='ocrx_word' id='word_1_217' title='bbox 185 2571 287 2628; x_wconf 82' lang='lat' dir='ltr'><strong>novem</strong></span> <span class='ocrx_word' id='word_1_218' title='bbox 306 2573 456 2636; x_wconf 82' lang='lat' dir='ltr'><strong>mensium,</strong></span> <span class='ocrx_word' id='word_1_219' title='bbox 487 2572 577 2627; x_wconf 84' lang='lat' dir='ltr'><strong>rarius</strong></span> <span class='ocrx_word' id='word_1_220' title='bbox 597 2578 688 2624; x_wconf 85' lang='lat' dir='ltr'><strong>antem</strong></span> <span class='ocrx_word' id='word_1_221' title='bbox 706 2569 735 2622; x_wconf 90' lang='lat' dir='ltr'><strong>in</strong></span> <span class='ocrx_word' id='word_1_222' title='bbox 754 2563 874 2636; x_wconf 85' lang='lat' dir='ltr'><strong>quadra·</strong></span> 
     </span>
     <span class='ocr_line' id='line_1_32' title="bbox 76 2640 873 2720; baseline -0.015 -18"><span class='ocrx_word' id='word_1_223' title='bbox 76 2647 166 2720; x_wconf 77' lang='lat' dir='ltr'><strong>ginta,</strong></span> <span class='ocrx_word' id='word_1_224' title='bbox 193 2657 221 2702; x_wconf 90' lang='lat' dir='ltr'><strong>et</strong></span> <span class='ocrx_word' id='word_1_225' title='bbox 240 2648 378 2702; x_wconf 63' lang='lat' dir='ltr'><strong>minua‘in</strong></span> <span class='ocrx_word' id='word_1_226' title='bbox 393 2647 534 2718; x_wconf 88' lang='lat' dir='ltr'><strong>ampliori,</strong></span> <span class='ocrx_word' id='word_1_227' title='bbox 560 2644 694 2717; x_wconf 84' lang='lat' dir='ltr'><strong>quonium¹</strong></span> <span class='ocrx_word' id='word_1_228' title='bbox 708 2640 807 2694; x_wconf 82' lang='lat' dir='ltr'><strong>fertilis</strong></span> <span class='ocrx_word' id='word_1_229' title='bbox 822 2647 873 2692; x_wconf 87' lang='lat' dir='ltr'><strong>est.</strong></span> 
     </span>
     <span class='ocr_line' id='line_1_33' title="bbox 76 2712 875 2778; baseline -0.015 0"><span class='ocrx_word' id='word_1_230' title='bbox 76 2721 219 2778; x_wconf 83' lang='lat' dir='ltr'><strong>Praeterea</strong></span> <span class='ocrx_word' id='word_1_231' title='bbox 229 2729 269 2776; x_wconf 88' lang='lat' dir='ltr'><strong>tot</strong></span> <span class='ocrx_word' id='word_1_232' title='bbox 278 2721 377 2777; x_wconf 91' lang='lat' dir='ltr'><strong>diebus</strong></span> <span class='ocrx_word' id='word_1_233' title='bbox 388 2723 417 2778; x_wconf 91' lang='lat' dir='ltr'><strong>in</strong></span> <span class='ocrx_word' id='word_1_234' title='bbox 432 2729 509 2776; x_wconf 89' lang='lat' dir='ltr'><strong>utero</strong></span> <span class='ocrx_word' id='word_1_235' title='bbox 522 2721 678 2774; x_wconf 87' lang='lat' dir='ltr'><strong>delineatur</strong></span> <span class='ocrx_word' id='word_1_236' title='bbox 693 2715 794 2777; x_wconf 87' lang='lat' dir='ltr'><strong>laetus,</strong></span> <span class='ocrx_word' id='word_1_237' title='bbox 819 2712 875 2768; x_wconf 87' lang='lat' dir='ltr'><strong>lere</strong></span> 
     </span>
    </p>
   </div>
   <div class='ocr_carea' id='block_1_6' title="bbox 0 0 1038 3100">
    <p class='ocr_par' dir='ltr' id='par_1_6' title="bbox 0 0 1038 3100">
     <span class='ocr_line' id='line_1_34' title="bbox 0 0 1038 3100; baseline 0 0"><span class='ocrx_word' id='word_1_238' title='bbox 0 0 1038 3100; x_wconf 95' lang='lat' dir='ltr'><strong> </strong></span> 
     </span>
    </p>
   </div>
  </div>
 </body>
</html>
