<?xml version="1.0" encoding="UTF-8"?>
<!DOCTYPE html PUBLIC "-//W3C//DTD XHTML 1.0 Transitional//EN"
    "http://www.w3.org/TR/xhtml1/DTD/xhtml1-transitional.dtd">
<html xmlns="http://www.w3.org/1999/xhtml" xml:lang="en" lang="en">
 <head>
  <title>
</title>
<meta http-equiv="Content-Type" content="text/html;charset=utf-8" />
  <meta name='ocr-system' content='tesseract 3.04.00' />
  <meta name='ocr-capabilities' content='ocr_page ocr_carea ocr_par ocr_line ocrx_word'/>
</head>
<body>
  <div class='ocr_page' id='page_1' title='image "./operaomniaadlib02philgoog/operaomniaadlib02philgoog_0590.png"; bbox 0 0 2050 3100; ppageno 0'>
   <div class='ocr_carea' id='block_1_1' title="bbox 45 227 851 296">
    <p class='ocr_par' dir='ltr' id='par_1_1' title="bbox 45 227 851 296">
     <span class='ocr_line' id='line_1_1' title="bbox 45 227 851 296; baseline 0.001 -15"><span class='ocrx_word' id='word_1_1' title='bbox 45 227 155 296; x_wconf 81' lang='lat'>[1,128.]</span> <span class='ocrx_word' id='word_1_2' title='bbox 248 234 320 279; x_wconf 87' lang='lat' dir='ltr'><strong>LIB.</strong></span> <span class='ocrx_word' id='word_1_3' title='bbox 344 234 393 278; x_wconf 90' lang='lat' dir='ltr'>DE</span> <span class='ocrx_word' id='word_1_4' title='bbox 412 233 657 280; x_wconf 78' lang='lat' dir='ltr'>ANIMALIBUS.</span> <span class='ocrx_word' id='word_1_5' title='bbox 803 230 851 283; x_wconf 80' lang='lat' dir='ltr'>ll&#39;l</span> 
     </span>
    </p>
   </div>
   <div class='ocr_carea' id='block_1_2' title="bbox 44 335 851 559">
    <p class='ocr_par' dir='ltr' id='par_1_2' title="bbox 44 335 851 559">
     <span class='ocr_line' id='line_1_2' title="bbox 44 335 851 409; baseline 0.001 -18"><span class='ocrx_word' id='word_1_6' title='bbox 44 345 124 399; x_wconf 89' lang='lat' dir='ltr'>ctos,</span> <span class='ocrx_word' id='word_1_7' title='bbox 139 335 292 405; x_wconf 89' lang='lat' dir='ltr'>oppositam</span> <span class='ocrx_word' id='word_1_8' title='bbox 302 341 433 403; x_wconf 90' lang='lat' dir='ltr'>putarunt</span> <span class='ocrx_word' id='word_1_9' title='bbox 443 351 537 389; x_wconf 90' lang='lat' dir='ltr'>eorum</span> <span class='ocrx_word' id='word_1_10' title='bbox 547 339 776 391; x_wconf 84' lang='lat' dir='ltr'>constructionem</span> <span class='ocrx_word' id='word_1_11' title='bbox 785 338 851 409; x_wconf 93' lang='lat' dir='ltr'>pul-</span> 
     </span>
     <span class='ocr_line' id='line_1_3' title="bbox 45 410 850 483; baseline 0.002 -18"><span class='ocrx_word' id='word_1_12' title='bbox 45 410 155 465; x_wconf 87' lang='lat' dir='ltr'>chriori</span> <span class='ocrx_word' id='word_1_13' title='bbox 165 410 251 481; x_wconf 86' lang='lat' dir='ltr'>parti,</span> <span class='ocrx_word' id='word_1_14' title='bbox 270 425 353 479; x_wconf 91' lang='lat' dir='ltr'>quam</span> <span class='ocrx_word' id='word_1_15' title='bbox 364 410 418 479; x_wconf 88' lang='lat' dir='ltr'>ipsi</span> <span class='ocrx_word' id='word_1_16' title='bbox 433 410 658 481; x_wconf 86' lang='lat' dir='ltr'>praeseferunt,</span> <span class='ocrx_word' id='word_1_17' title='bbox 678 429 772 483; x_wconf 88' lang='lat' dir='ltr'>parem</span> <span class='ocrx_word' id='word_1_18' title='bbox 787 431 850 467; x_wconf 88' lang='lat' dir='ltr'>cum</span> 
     </span>
     <span class='ocr_line' id='line_1_4' title="bbox 45 482 851 559; baseline 0 -18"><span class='ocrx_word' id='word_1_19' title='bbox 45 502 165 555; x_wconf 88' lang='lat' dir='ltr'>corpore</span> <span class='ocrx_word' id='word_1_20' title='bbox 180 484 326 538; x_wconf 88' lang='lat' dir='ltr'>elationem</span> <span class='ocrx_word' id='word_1_21' title='bbox 344 482 485 539; x_wconf 87' lang='lat' dir='ltr'>efferentes</span> <span class='ocrx_word' id='word_1_22' title='bbox 504 494 762 559; x_wconf 83' lang='lat' dir='ltr'>contemnentesque</span> <span class='ocrx_word' id='word_1_23' title='bbox 780 486 851 559; x_wconf 85' lang='lat' dir='ltr'>(ani-</span> 
     </span>
    </p>
   </div>
   <div class='ocr_carea' id='block_1_3' title="bbox 44 558 901 1156">
    <p class='ocr_par' dir='ltr' id='par_1_3' title="bbox 44 558 901 1156">
     <span class='ocr_line' id='line_1_5' title="bbox 46 558 851 634; baseline 0 -19"><span class='ocrx_word' id='word_1_24' title='bbox 46 558 228 631; x_wconf 87' lang='lat' dir='ltr'>malia)velut</span> <span class='ocrx_word' id='word_1_25' title='bbox 237 558 316 611; x_wconf 92' lang='lat' dir='ltr'>humi</span> <span class='ocrx_word' id='word_1_26' title='bbox 326 560 461 629; x_wconf 89' lang='lat' dir='ltr'>repentia:</span> <span class='ocrx_word' id='word_1_27' title='bbox 473 560 509 614; x_wconf 92' lang='lat' dir='ltr'>ita</span> <span class='ocrx_word' id='word_1_28' title='bbox 521 569 552 615; x_wconf 93' lang='lat' dir='ltr'>ut</span> <span class='ocrx_word' id='word_1_29' title='bbox 561 560 635 633; x_wconf 91' lang='lat' dir='ltr'>quod</span> <span class='ocrx_word' id='word_1_30' title='bbox 645 560 673 616; x_wconf 94' lang='lat' dir='ltr'>in</span> <span class='ocrx_word' id='word_1_31' title='bbox 684 562 767 617; x_wconf 86' lang='lat' dir='ltr'>rebus</span> <span class='ocrx_word' id='word_1_32' title='bbox 778 564 851 634; x_wconf 92' lang='lat' dir='ltr'>opti-</span> 
     </span>
     <span class='ocr_line' id='line_1_6' title="bbox 45 634 847 705; baseline 0.002 -15"><span class='ocrx_word' id='word_1_33' title='bbox 45 651 129 691; x_wconf 92' lang='lat' dir='ltr'>mum</span> <span class='ocrx_word' id='word_1_34' title='bbox 141 642 195 698; x_wconf 90' lang='lat' dir='ltr'>est,</span> <span class='ocrx_word' id='word_1_35' title='bbox 206 650 304 705; x_wconf 90' lang='lat' dir='ltr'>nempe</span> <span class='ocrx_word' id='word_1_36' title='bbox 314 634 459 699; x_wconf 87' lang='lat' dir='ltr'>rationem,</span> <span class='ocrx_word' id='word_1_37' title='bbox 471 635 628 691; x_wconf 90' lang='lat' dir='ltr'>nullatenus</span> <span class='ocrx_word' id='word_1_38' title='bbox 639 638 679 691; x_wconf 89' lang='lat' dir='ltr'>eis</span> <span class='ocrx_word' id='word_1_39' title='bbox 689 637 847 701; x_wconf 91' lang='lat' dir='ltr'>concedant,</span> 
     </span>
     <span class='ocr_line' id='line_1_7' title="bbox 45 708 901 785; baseline 0 -19"><span class='ocrx_word' id='word_1_40' title='bbox 45 708 103 766; x_wconf 90' lang='lat' dir='ltr'>sed</span> <span class='ocrx_word' id='word_1_41' title='bbox 114 708 248 784; x_wconf 89' lang='lat' dir='ltr'>sibiipsis</span> <span class='ocrx_word' id='word_1_42' title='bbox 259 716 330 762; x_wconf 90' lang='lat' dir='ltr'>sorte</span> <span class='ocrx_word' id='word_1_43' title='bbox 338 709 533 779; x_wconf 86' lang='lat' dir='ltr'>possidendam</span> <span class='ocrx_word' id='word_1_44' title='bbox 544 710 635 765; x_wconf 93' lang='lat' dir='ltr'>datam</span> <span class='ocrx_word' id='word_1_45' title='bbox 645 712 765 777; x_wconf 83' lang='lat' dir='ltr'>credant,</span> <span class='ocrx_word' id='word_1_46' title='bbox 781 729 851 785; x_wconf 89' lang='lat' dir='ltr'>qua·</span> <span class='ocrx_word' id='word_1_47' title='bbox 898 772 901 779; x_wconf 52' lang='grc'><em>,</em></span> 
     </span>
     <span class='ocr_line' id='line_1_8' title="bbox 45 783 849 859; baseline -0.002 -18"><span class='ocrx_word' id='word_1_48' title='bbox 45 786 75 841; x_wconf 92' lang='lat' dir='ltr'>si</span> <span class='ocrx_word' id='word_1_49' title='bbox 93 800 159 839; x_wconf 88' lang='lat' dir='ltr'>vero</span> <span class='ocrx_word' id='word_1_50' title='bbox 174 801 209 837; x_wconf 84' lang='lat' dir='ltr'>ex</span> <span class='ocrx_word' id='word_1_51' title='bbox 222 783 282 854; x_wconf 90' lang='lat' dir='ltr'>ipsa</span> <span class='ocrx_word' id='word_1_52' title='bbox 297 791 392 838; x_wconf 90' lang='lat' dir='ltr'>natura</span> <span class='ocrx_word' id='word_1_53' title='bbox 407 784 510 838; x_wconf 92' lang='lat' dir='ltr'>donum</span> <span class='ocrx_word' id='word_1_54' title='bbox 524 786 664 855; x_wconf 83' lang='lat' dir='ltr'>peculiare</span> <span class='ocrx_word' id='word_1_55' title='bbox 684 788 849 859; x_wconf 87' lang='lat' dir='ltr'>acceperint.</span> 
     </span>
     <span class='ocr_line' id='line_1_9' title="bbox 44 858 851 929; baseline 0.001 -14"><span class='ocrx_word' id='word_1_56' title='bbox 44 858 132 928; x_wconf 89' lang='lat' dir='ltr'>Quod</span> <span class='ocrx_word' id='word_1_57' title='bbox 143 867 232 913; x_wconf 89' lang='lat' dir='ltr'>tamen</span> <span class='ocrx_word' id='word_1_58' title='bbox 243 866 270 912; x_wconf 91' lang='lat' dir='ltr'>et</span> <span class='ocrx_word' id='word_1_59' title='bbox 279 858 402 912; x_wconf 89' lang='lat' dir='ltr'>animans</span> <span class='ocrx_word' id='word_1_60' title='bbox 411 859 649 929; x_wconf 87' lang='lat' dir='ltr'>participationem</span> <span class='ocrx_word' id='word_1_61' title='bbox 658 861 757 917; x_wconf 87' lang='lat' dir='ltr'>habeat</span> <span class='ocrx_word' id='word_1_62' title='bbox 767 863 851 917; x_wconf 89' lang='lat' dir='ltr'>ratio-</span> 
     </span>
     <span class='ocr_line' id='line_1_10' title="bbox 44 932 847 1008; baseline -0.002 -17"><span class='ocrx_word' id='word_1_63' title='bbox 44 938 111 997; x_wconf 90' lang='lat' dir='ltr'>nis,</span> <span class='ocrx_word' id='word_1_64' title='bbox 137 934 331 988; x_wconf 89' lang='lat' dir='ltr'>contentiosam</span> <span class='ocrx_word' id='word_1_65' title='bbox 350 934 375 987; x_wconf 88' lang='lat' dir='ltr'>si</span> <span class='ocrx_word' id='word_1_66' title='bbox 394 935 457 1004; x_wconf 89' lang='lat' dir='ltr'>quis</span> <span class='ocrx_word' id='word_1_67' title='bbox 472 932 590 1005; x_wconf 90' lang='lat' dir='ltr'>deponat</span> <span class='ocrx_word' id='word_1_68' title='bbox 607 938 847 1008; x_wconf 81' lang='lat' dir='ltr'>oppugnationem,</span> 
     </span>
     <span class='ocr_line' id='line_1_11' title="bbox 45 1006 851 1081; baseline -0.004 -14"><span class='ocrx_word' id='word_1_69' title='bbox 45 1010 134 1067; x_wconf 83' lang='lat' dir='ltr'>facile</span> <span class='ocrx_word' id='word_1_70' title='bbox 147 1026 197 1079; x_wconf 92' lang='lat' dir='ltr'>per</span> <span class='ocrx_word' id='word_1_71' title='bbox 210 1006 332 1062; x_wconf 87' lang='lat' dir='ltr'>studium</span> <span class='ocrx_word' id='word_1_72' title='bbox 348 1007 513 1081; x_wconf 89' lang='lat' dir='ltr'>disciplinae</span> <span class='ocrx_word' id='word_1_73' title='bbox 529 1025 626 1064; x_wconf 88' lang='lat' dir='ltr'>verum</span> <span class='ocrx_word' id='word_1_74' title='bbox 638 1013 795 1079; x_wconf 89' lang='lat' dir='ltr'>quaerentis</span> <span class='ocrx_word' id='word_1_75' title='bbox 806 1028 851 1064; x_wconf 86' lang='lat' dir='ltr'>as-</span> 
     </span>
     <span class='ocr_line' id='line_1_12' title="bbox 45 1084 374 1156; baseline -0.018 -14"><span class='ocrx_word' id='word_1_76' title='bbox 45 1092 183 1156; x_wconf 89' lang='lat' dir='ltr'>sequetur</span> <span class='ocrx_word' id='word_1_77' title='bbox 191 1084 374 1138; x_wconf 86' lang='lat' dir='ltr'>exactissime.</span> 
     </span>
    </p>
   </div>
   <div class='ocr_carea' id='block_1_4' title="bbox 43 1252 851 1840">
    <p class='ocr_par' dir='ltr' id='par_1_4' title="bbox 43 1252 851 1840">
     <span class='ocr_line' id='line_1_13' title="bbox 69 1252 849 1325; baseline 0.001 -17"><span class='ocrx_word' id='word_1_78' title='bbox 69 1292 72 1294; x_wconf 35' lang='lat'><em>‡</em></span> <span class='ocrx_word' id='word_1_79' title='bbox 111 1258 152 1310; x_wconf 73' lang='lat' dir='ltr'>ta.</span> <span class='ocrx_word' id='word_1_80' title='bbox 172 1253 255 1310; x_wconf 88' lang='lat' dir='ltr'>Verbi</span> <span class='ocrx_word' id='word_1_81' title='bbox 266 1254 340 1309; x_wconf 92' lang='lat' dir='ltr'>enim</span> <span class='ocrx_word' id='word_1_82' title='bbox 351 1252 456 1325; x_wconf 86' lang='lat' dir='ltr'>duplex</span> <span class='ocrx_word' id='word_1_83' title='bbox 470 1262 511 1310; x_wconf 92' lang='lat' dir='ltr'>est</span> <span class='ocrx_word' id='word_1_84' title='bbox 525 1255 646 1325; x_wconf 89' lang='lat' dir='ltr'>species:</span> <span class='ocrx_word' id='word_1_85' title='bbox 670 1271 724 1308; x_wconf 89' lang='lat' dir='ltr'>una</span> <span class='ocrx_word' id='word_1_86' title='bbox 733 1255 809 1308; x_wconf 91' lang='lat' dir='ltr'>intus</span> <span class='ocrx_word' id='word_1_87' title='bbox 820 1255 849 1309; x_wconf 89' lang='lat' dir='ltr'>in</span> 
     </span>
     <span class='ocr_line' id='line_1_14' title="bbox 46 1328 851 1401; baseline -0.004 -14"><span class='ocrx_word' id='word_1_88' title='bbox 46 1329 170 1387; x_wconf 89' lang='lat' dir='ltr'>consilio</span> <span class='ocrx_word' id='word_1_89' title='bbox 184 1330 236 1385; x_wconf 92' lang='lat' dir='ltr'>sita</span> <span class='ocrx_word' id='word_1_90' title='bbox 250 1328 330 1401; x_wconf 89' lang='lat' dir='ltr'>(quae</span> <span class='ocrx_word' id='word_1_91' title='bbox 345 1328 447 1384; x_wconf 89' lang='lat' dir='ltr'>dicitur</span> <span class='ocrx_word' id='word_1_92' title='bbox 465 1328 574 1399; x_wconf 86' lang='lat' dir='ltr'>ratio),</span> <span class='ocrx_word' id='word_1_93' title='bbox 595 1346 666 1400; x_wconf 90' lang='lat' dir='ltr'>quae</span> <span class='ocrx_word' id='word_1_94' title='bbox 681 1328 764 1384; x_wconf 90' lang='lat' dir='ltr'>habet</span> <span class='ocrx_word' id='word_1_95' title='bbox 778 1329 851 1384; x_wconf 91' lang='lat' dir='ltr'>sicut</span> 
     </span>
     <span class='ocr_line' id='line_1_15' title="bbox 46 1403 846 1475; baseline -0.008 -12"><span class='ocrx_word' id='word_1_96' title='bbox 46 1408 114 1463; x_wconf 87' lang='lat' dir='ltr'>fons</span> <span class='ocrx_word' id='word_1_97' title='bbox 126 1413 173 1459; x_wconf 87' lang='lat' dir='ltr'>aut</span> <span class='ocrx_word' id='word_1_98' title='bbox 181 1404 261 1474; x_wconf 85' lang='lat' dir='ltr'>sedes</span> <span class='ocrx_word' id='word_1_99' title='bbox 272 1404 301 1458; x_wconf 93' lang='lat' dir='ltr'>in</span> <span class='ocrx_word' id='word_1_100' title='bbox 312 1421 341 1459; x_wconf 88' lang='lat' dir='ltr'>sa</span> <span class='ocrx_word' id='word_1_101' title='bbox 352 1404 458 1459; x_wconf 88' lang='lat' dir='ltr'>animae</span> <span class='ocrx_word' id='word_1_102' title='bbox 465 1404 653 1475; x_wconf 89' lang='lat' dir='ltr'>principatum</span> <span class='ocrx_word' id='word_1_103' title='bbox 666 1403 846 1471; x_wconf 77' lang='lat' dir='ltr'>directivum3</span> 
     </span>
     <span class='ocr_line' id='line_1_16' title="bbox 46 1477 850 1552; baseline -0.006 -15"><span class='ocrx_word' id='word_1_104' title='bbox 46 1483 138 1537; x_wconf 88' lang='lat' dir='ltr'>altera</span> <span class='ocrx_word' id='word_1_105' title='bbox 149 1479 366 1552; x_wconf 89' lang='lat' dir='ltr'>pronunciativa,</span> <span class='ocrx_word' id='word_1_106' title='bbox 378 1479 479 1533; x_wconf 89' lang='lat' dir='ltr'>similis</span> <span class='ocrx_word' id='word_1_107' title='bbox 489 1477 583 1543; x_wconf 85' lang='lat' dir='ltr'>lluvio,</span> <span class='ocrx_word' id='word_1_108' title='bbox 590 1496 639 1552; x_wconf 92' lang='lat' dir='ltr'>per</span> <span class='ocrx_word' id='word_1_109' title='bbox 648 1496 679 1533; x_wconf 95' lang='lat' dir='ltr'>os</span> <span class='ocrx_word' id='word_1_110' title='bbox 689 1487 715 1533; x_wconf 89' lang='lat' dir='ltr'>et</span> <span class='ocrx_word' id='word_1_111' title='bbox 726 1479 850 1552; x_wconf 81' lang='lat' dir='ltr'>linguam</span> 
     </span>
     <span class='ocr_line' id='line_1_17' title="bbox 44 1554 850 1627; baseline -0.007 -12"><span class='ocrx_word' id='word_1_112' title='bbox 44 1555 173 1627; x_wconf 86' lang='lat' dir='ltr'>naturali</span> <span class='ocrx_word' id='word_1_113' title='bbox 184 1556 363 1611; x_wconf 90' lang='lat' dir='ltr'>instrumento</span> <span class='ocrx_word' id='word_1_114' title='bbox 374 1554 408 1609; x_wconf 88' lang='lat' dir='ltr'>ad</span> <span class='ocrx_word' id='word_1_115' title='bbox 419 1571 498 1609; x_wconf 88' lang='lat' dir='ltr'>aures</span> <span class='ocrx_word' id='word_1_116' title='bbox 507 1571 680 1626; x_wconf 87' lang='lat' dir='ltr'>percurrens.</span> <span class='ocrx_word' id='word_1_117' title='bbox 700 1555 850 1627; x_wconf 87' lang='lat' dir='ltr'>Utriusque</span> 
     </span>
     <span class='ocr_line' id='line_1_18' title="bbox 45 1629 850 1704; baseline -0.005 -14"><span class='ocrx_word' id='word_1_118' title='bbox 45 1631 150 1690; x_wconf 88' lang='lat' dir='ltr'>videre</span> <span class='ocrx_word' id='word_1_119' title='bbox 163 1639 205 1686; x_wconf 92' lang='lat' dir='ltr'>est</span> <span class='ocrx_word' id='word_1_120' title='bbox 219 1631 248 1684; x_wconf 91' lang='lat' dir='ltr'>in</span> <span class='ocrx_word' id='word_1_121' title='bbox 262 1632 303 1685; x_wconf 88' lang='lat' dir='ltr'>eis</span> <span class='ocrx_word' id='word_1_122' title='bbox 317 1629 517 1704; x_wconf 83' lang='lat' dir='ltr'>(animalibus),</span> <span class='ocrx_word' id='word_1_123' title='bbox 538 1631 582 1685; x_wconf 92' lang='lat' dir='ltr'>sin</span> <span class='ocrx_word' id='word_1_124' title='bbox 596 1633 688 1684; x_wconf 90' lang='lat' dir='ltr'>minus</span> <span class='ocrx_word' id='word_1_125' title='bbox 703 1629 850 1702; x_wconf 84' lang='lat' dir='ltr'>perlectio-</span> 
     </span>
     <span class='ocr_line' id='line_1_19' title="bbox 44 1705 849 1777; baseline -0.005 -13"><span class='ocrx_word' id='word_1_126' title='bbox 44 1725 131 1771; x_wconf 89' lang='lat' dir='ltr'>nem,</span> <span class='ocrx_word' id='word_1_127' title='bbox 160 1713 277 1762; x_wconf 89' lang='lat' dir='ltr'>attamen</span> <span class='ocrx_word' id='word_1_128' title='bbox 296 1705 371 1760; x_wconf 91' lang='lat' dir='ltr'>haud</span> <span class='ocrx_word' id='word_1_129' title='bbox 390 1705 587 1762; x_wconf 87' lang='lat' dir='ltr'>contemnenda</span> <span class='ocrx_word' id='word_1_130' title='bbox 605 1706 741 1777; x_wconf 88' lang='lat' dir='ltr'>principia</span> <span class='ocrx_word' id='word_1_131' title='bbox 759 1714 785 1762; x_wconf 92' lang='lat' dir='ltr'>et</span> <span class='ocrx_word' id='word_1_132' title='bbox 797 1723 849 1760; x_wconf 50' lang='lat' dir='ltr'>¹se-</span> 
     </span>
     <span class='ocr_line' id='line_1_20' title="bbox 43 1800 137 1840; baseline -0.064 0"><span class='ocrx_word' id='word_1_133' title='bbox 43 1800 137 1840; x_wconf 77' lang='lat' dir='ltr'>mina.</span> 
     </span>
    </p>
   </div>
   <div class='ocr_carea' id='block_1_5' title="bbox 39 1937 925 2830">
    <p class='ocr_par' dir='ltr' id='par_1_5' title="bbox 39 1937 925 2830">
     <span class='ocr_line' id='line_1_21' title="bbox 113 1937 849 2010; baseline -0.001 -17"><span class='ocrx_word' id='word_1_134' title='bbox 113 1943 154 1994; x_wconf 77' lang='lat'>⁴3.</span> <span class='ocrx_word' id='word_1_135' title='bbox 172 1937 262 2004; x_wconf 87' lang='lat' dir='ltr'>Quum</span> <span class='ocrx_word' id='word_1_136' title='bbox 273 1942 346 1994; x_wconf 91' lang='lat' dir='ltr'>enim</span> <span class='ocrx_word' id='word_1_137' title='bbox 358 1939 516 1995; x_wconf 90' lang='lat' dir='ltr'>invisibiles</span> <span class='ocrx_word' id='word_1_138' title='bbox 529 1941 584 1994; x_wconf 92' lang='lat' dir='ltr'>sint</span> <span class='ocrx_word' id='word_1_139' title='bbox 598 1939 676 1994; x_wconf 83' lang='lat' dir='ltr'>ideae</span> <span class='ocrx_word' id='word_1_140' title='bbox 686 1946 775 1994; x_wconf 89' lang='lat' dir='ltr'>mente</span> <span class='ocrx_word' id='word_1_141' title='bbox 785 1956 849 2010; x_wconf 89' lang='lat' dir='ltr'>per-</span> 
     </span>
     <span class='ocr_line' id='line_1_22' title="bbox 45 2014 849 2088; baseline -0.009 -14"><span class='ocrx_word' id='word_1_142' title='bbox 45 2024 163 2088; x_wconf 87' lang='lat' dir='ltr'>ceptae,</span> <span class='ocrx_word' id='word_1_143' title='bbox 179 2031 249 2086; x_wconf 91' lang='lat' dir='ltr'>quae</span> <span class='ocrx_word' id='word_1_144' title='bbox 260 2023 350 2070; x_wconf 89' lang='lat' dir='ltr'>autem</span> <span class='ocrx_word' id='word_1_145' title='bbox 361 2032 471 2070; x_wconf 87' lang='lat' dir='ltr'>sensum</span> <span class='ocrx_word' id='word_1_146' title='bbox 483 2017 633 2087; x_wconf 83' lang='lat' dir='ltr'>attingunt,</span> <span class='ocrx_word' id='word_1_147' title='bbox 650 2015 801 2069; x_wconf 89' lang='lat' dir='ltr'>sentiantur</span> <span class='ocrx_word' id='word_1_148' title='bbox 814 2014 849 2067; x_wconf 91' lang='lat' dir='ltr'>ab</span> 
     </span>
     <span class='ocr_line' id='line_1_23' title="bbox 47 2089 847 2160; baseline -0.01 -12"><span class='ocrx_word' id='word_1_149' title='bbox 47 2089 183 2152; x_wconf 91' lang='lat' dir='ltr'>auribus,</span> <span class='ocrx_word' id='word_1_150' title='bbox 204 2091 340 2160; x_wconf 90' lang='lat' dir='ltr'>posterius</span> <span class='ocrx_word' id='word_1_151' title='bbox 354 2089 429 2144; x_wconf 92' lang='lat' dir='ltr'>istud</span> <span class='ocrx_word' id='word_1_152' title='bbox 439 2089 608 2144; x_wconf 87' lang='lat' dir='ltr'>visitandum</span> <span class='ocrx_word' id='word_1_153' title='bbox 618 2090 669 2142; x_wconf 90' lang='lat' dir='ltr'>erit</span> <span class='ocrx_word' id='word_1_154' title='bbox 678 2090 767 2159; x_wconf 89' lang='lat' dir='ltr'>primo</span> <span class='ocrx_word' id='word_1_155' title='bbox 778 2089 847 2143; x_wconf 89' lang='lat' dir='ltr'>loco.</span> 
     </span>
     <span class='ocr_line' id='line_1_24' title="bbox 45 2160 849 2236; baseline -0.007 -15"><span class='ocrx_word' id='word_1_156' title='bbox 45 2170 123 2223; x_wconf 92' lang='lat' dir='ltr'>Nam</span> <span class='ocrx_word' id='word_1_157' title='bbox 133 2163 219 2218; x_wconf 91' lang='lat' dir='ltr'>multa</span> <span class='ocrx_word' id='word_1_158' title='bbox 229 2173 293 2218; x_wconf 89' lang='lat' dir='ltr'>sunt</span> <span class='ocrx_word' id='word_1_159' title='bbox 303 2167 396 2220; x_wconf 89' lang='lat' dir='ltr'>eorum</span> <span class='ocrx_word' id='word_1_160' title='bbox 408 2181 473 2219; x_wconf 89' lang='lat' dir='ltr'>voce</span> <span class='ocrx_word' id='word_1_161' title='bbox 484 2164 624 2218; x_wconf 88' lang='lat' dir='ltr'>articulata</span> <span class='ocrx_word' id='word_1_162' title='bbox 637 2160 672 2236; x_wconf 63' lang='grc' dir='ltr'>[Ἴ</span> <span class='ocrx_word' id='word_1_163' title='bbox 685 2164 802 2225; x_wconf 86' lang='lat' dir='ltr'>utentia,</span> <span class='ocrx_word' id='word_1_164' title='bbox 814 2179 849 2216; x_wconf 86' lang='lat' dir='ltr'>ex</span> 
     </span>
     <span class='ocr_line' id='line_1_25' title="bbox 44 2236 846 2310; baseline -0.012 -12"><span class='ocrx_word' id='word_1_165' title='bbox 44 2249 152 2298; x_wconf 89' lang='lat' dir='ltr'>natura</span> <span class='ocrx_word' id='word_1_166' title='bbox 165 2255 215 2310; x_wconf 87' lang='lat' dir='ltr'>per</span> <span class='ocrx_word' id='word_1_167' title='bbox 229 2257 259 2294; x_wconf 88' lang='lat' dir='ltr'>se</span> <span class='ocrx_word' id='word_1_168' title='bbox 277 2239 371 2294; x_wconf 89' lang='lat' dir='ltr'>edocta</span> <span class='ocrx_word' id='word_1_169' title='bbox 386 2239 482 2293; x_wconf 90' lang='lat' dir='ltr'>auditu</span> <span class='ocrx_word' id='word_1_170' title='bbox 495 2239 619 2310; x_wconf 89' lang='lat' dir='ltr'>proprio,</span> <span class='ocrx_word' id='word_1_171' title='bbox 644 2236 728 2290; x_wconf 93' lang='lat' dir='ltr'>multa</span> <span class='ocrx_word' id='word_1_172' title='bbox 746 2245 846 2298; x_wconf 90' lang='lat' dir='ltr'>autem,</span> 
     </span>
     <span class='ocr_line' id='line_1_26' title="bbox 43 2310 850 2390; baseline -0.007 -21"><span class='ocrx_word' id='word_1_173' title='bbox 43 2332 125 2390; x_wconf 90' lang='lat' dir='ltr'>quae</span> <span class='ocrx_word' id='word_1_174' title='bbox 140 2315 224 2368; x_wconf 86' lang='lat' dir='ltr'>etiam</span> <span class='ocrx_word' id='word_1_175' title='bbox 237 2313 385 2368; x_wconf 91' lang='lat' dir='ltr'>edocentur</span> <span class='ocrx_word' id='word_1_176' title='bbox 399 2313 443 2384; x_wconf 88' lang='lat' dir='ltr'>(ab</span> <span class='ocrx_word' id='word_1_177' title='bbox 457 2310 641 2383; x_wconf 89' lang='lat' dir='ltr'>hominibus),</span> <span class='ocrx_word' id='word_1_178' title='bbox 661 2311 733 2364; x_wconf 89' lang='lat' dir='ltr'>sicut</span> <span class='ocrx_word' id='word_1_179' title='bbox 748 2310 850 2364; x_wconf 90' lang='lat' dir='ltr'>dicitur</span> 
     </span>
     <span class='ocr_line' id='line_1_27' title="bbox 42 2385 849 2459; baseline -0.012 -11"><span class='ocrx_word' id='word_1_180' title='bbox 42 2394 84 2448; x_wconf 91' lang='lat' dir='ltr'>de</span> <span class='ocrx_word' id='word_1_181' title='bbox 97 2390 190 2444; x_wconf 84' lang='lat' dir='ltr'>corvis</span> <span class='ocrx_word' id='word_1_182' title='bbox 200 2397 227 2444; x_wconf 91' lang='lat' dir='ltr'>et</span> <span class='ocrx_word' id='word_1_183' title='bbox 236 2387 339 2444; x_wconf 88' lang='lat' dir='ltr'>Indicis</span> <span class='ocrx_word' id='word_1_184' title='bbox 347 2389 482 2459; x_wconf 88' lang='lat' dir='ltr'>psittacis.</span> <span class='ocrx_word' id='word_1_185' title='bbox 500 2387 558 2458; x_wconf 81' lang='lat' dir='ltr'>Ego</span> <span class='ocrx_word' id='word_1_186' title='bbox 569 2401 634 2440; x_wconf 89' lang='lat' dir='ltr'>sane</span> <span class='ocrx_word' id='word_1_187' title='bbox 644 2385 774 2454; x_wconf 89' lang='lat' dir='ltr'>psittacos</span> <span class='ocrx_word' id='word_1_188' title='bbox 784 2385 849 2438; x_wconf 87' lang='lat' dir='ltr'>novi</span> 
     </span>
     <span class='ocr_line' id='line_1_28' title="bbox 42 2459 850 2534; baseline -0.014 -10"><span class='ocrx_word' id='word_1_189' title='bbox 42 2467 158 2523; x_wconf 88' lang='lat' dir='ltr'>delatos</span> <span class='ocrx_word' id='word_1_190' title='bbox 172 2462 208 2518; x_wconf 84' lang='lat' dir='ltr'>ud</span> <span class='ocrx_word' id='word_1_191' title='bbox 222 2472 362 2534; x_wconf 83' lang='lat' dir='ltr'>magnates</span> <span class='ocrx_word' id='word_1_192' title='bbox 377 2461 558 2517; x_wconf 82' lang='lat' dir='ltr'>Alexandriae</span> <span class='ocrx_word' id='word_1_193' title='bbox 573 2459 703 2531; x_wconf 79' lang='lat' dir='ltr'>Aegypti,</span> <span class='ocrx_word' id='word_1_194' title='bbox 727 2459 776 2529; x_wconf 89' lang='lat' dir='ltr'>qui</span> <span class='ocrx_word' id='word_1_195' title='bbox 791 2475 850 2514; x_wconf 89' lang='lat' dir='ltr'>ma·</span> 
     </span>
     <span class='ocr_line' id='line_1_29' title="bbox 42 2533 846 2617; baseline -0.01 -22"><span class='ocrx_word' id='word_1_196' title='bbox 42 2559 105 2617; x_wconf 83' lang='lat' dir='ltr'>gna</span> <span class='ocrx_word' id='word_1_197' title='bbox 112 2555 181 2593; x_wconf 90' lang='lat' dir='ltr'>voce</span> <span class='ocrx_word' id='word_1_198' title='bbox 192 2538 369 2592; x_wconf 89' lang='lat' dir='ltr'>clamitabant</span> <span class='ocrx_word' id='word_1_199' title='bbox 379 2538 414 2592; x_wconf 87' lang='lat' dir='ltr'>ad</span> <span class='ocrx_word' id='word_1_200' title='bbox 428 2539 514 2591; x_wconf 90' lang='lat' dir='ltr'>instar</span> <span class='ocrx_word' id='word_1_201' title='bbox 527 2550 675 2606; x_wconf 87' lang='lat' dir='ltr'>puerorum</span> <span class='ocrx_word' id='word_1_202' title='bbox 690 2549 725 2587; x_wconf 84' lang='lat' dir='ltr'>ex</span> <span class='ocrx_word' id='word_1_203' title='bbox 739 2533 846 2601; x_wconf 86' lang='lat' dir='ltr'>schola;</span> 
     </span>
     <span class='ocr_line' id='line_1_30' title="bbox 43 2605 925 2679; baseline -0.014 -5"><span class='ocrx_word' id='word_1_204' title='bbox 43 2627 73 2674; x_wconf 90' lang='lat' dir='ltr'>et</span> <span class='ocrx_word' id='word_1_205' title='bbox 84 2614 195 2670; x_wconf 89' lang='lat' dir='ltr'>indicio</span> <span class='ocrx_word' id='word_1_206' title='bbox 206 2612 352 2668; x_wconf 79' lang='lat' dir='ltr'>assuefacti</span> <span class='ocrx_word' id='word_1_207' title='bbox 362 2611 520 2668; x_wconf 89' lang='lat' dir='ltr'>didicerunt</span> <span class='ocrx_word' id='word_1_208' title='bbox 530 2609 641 2664; x_wconf 91' lang='lat' dir='ltr'>modum</span> <span class='ocrx_word' id='word_1_209' title='bbox 652 2605 790 2663; x_wconf 87' lang='lat' dir='ltr'>salutandi</span> <span class='ocrx_word' id='word_1_210' title='bbox 801 2625 850 2679; x_wconf 89' lang='lat' dir='ltr'>per</span> <span class='ocrx_word' id='word_1_211' title='bbox 921 2634 925 2645; x_wconf 48' lang='grc' dir='ltr'>ι</span> 
     </span>
     <span class='ocr_line' id='line_1_31' title="bbox 42 2687 851 2759; baseline -0.016 -11"><span class='ocrx_word' id='word_1_212' title='bbox 42 2688 232 2749; x_wconf 91' lang='lat' dir='ltr'>dilectionem</span> <span class='ocrx_word' id='word_1_213' title='bbox 241 2688 433 2759; x_wconf 87' lang='lat' dir='ltr'>osculumque,</span> <span class='ocrx_word' id='word_1_214' title='bbox 443 2687 481 2739; x_wconf 87' lang='lat' dir='ltr'>ita</span> <span class='ocrx_word' id='word_1_215' title='bbox 490 2693 521 2738; x_wconf 91' lang='lat' dir='ltr'>ut</span> <span class='ocrx_word' id='word_1_216' title='bbox 530 2702 597 2739; x_wconf 87' lang='lat' dir='ltr'>voce</span> <span class='ocrx_word' id='word_1_217' title='bbox 608 2691 687 2738; x_wconf 88' lang='lat' dir='ltr'>tenus</span> <span class='ocrx_word' id='word_1_218' title='bbox 697 2700 759 2737; x_wconf 90' lang='lat' dir='ltr'>cum</span> <span class='ocrx_word' id='word_1_219' title='bbox 769 2699 851 2737; x_wconf 92' lang='lat' dir='ltr'>oscu-</span> 
     </span>
     <span class='ocr_line' id='line_1_32' title="bbox 39 2758 849 2830; baseline -0.017 -6"><span class='ocrx_word' id='word_1_220' title='bbox 39 2771 73 2825; x_wconf 90' lang='lat' dir='ltr'>lo</span> <span class='ocrx_word' id='word_1_221' title='bbox 89 2765 213 2820; x_wconf 88' lang='lat' dir='ltr'>salutem</span> <span class='ocrx_word' id='word_1_222' title='bbox 232 2761 338 2826; x_wconf 91' lang='lat' dir='ltr'>dicant,</span> <span class='ocrx_word' id='word_1_223' title='bbox 361 2771 388 2816; x_wconf 91' lang='lat' dir='ltr'>et</span> <span class='ocrx_word' id='word_1_224' title='bbox 407 2760 568 2814; x_wconf 89' lang='lat' dir='ltr'>nominatim</span> <span class='ocrx_word' id='word_1_225' title='bbox 586 2759 720 2830; x_wconf 88' lang='lat' dir='ltr'>recipiant</span> <span class='ocrx_word' id='word_1_226' title='bbox 734 2758 849 2812; x_wconf 90' lang='lat' dir='ltr'>salutem</span> 
     </span>
    </p>
   </div>
   <div class='ocr_carea' id='block_1_6' title="bbox 0 0 1030 3100">
    <p class='ocr_par' dir='ltr' id='par_1_6' title="bbox 0 0 1030 3100">
     <span class='ocr_line' id='line_1_33' title="bbox 0 0 1030 3100; baseline 0 0"><span class='ocrx_word' id='word_1_227' title='bbox 0 0 1030 3100; x_wconf 95' lang='lat' dir='ltr'> </span> 
     </span>
    </p>
   </div>
  </div>
 </body>
</html>
