2050 3100
82 271 199 338 [lthh]
268 276 309 322 IN
328 276 504 323 GENESIN.
524 278 651 324 SERMO
670 278 713 325 Ν.
838 274 887 327 233

81 394 183 433 sensus
202 376 374 432 subobscure
393 377 503 443 videre,
531 377 566 433 ad
585 378 776 451 intelligibilia
795 387 887 435 tamen

82 453 189 507 acutior
208 452 273 507 visu
291 453 469 524 comperitur.
512 454 569 507 Hoc
589 471 654 509 sane
668 454 775 509 dixeris
789 472 888 509 verum

80 529 187 583 visum.
227 525 282 593 Qui
302 528 377 581 enim
396 526 449 582 hoc
467 536 565 598 captus
585 536 626 583 est
643 535 671 582 et
684 528 837 600 dispositus
852 530 887 584 ad

80 602 320 674 prophetandum,
342 618 396 656 non
411 602 531 672 amplius
539 604 652 673 proprio
662 604 750 658 utitur
760 604 885 667 consilio,

81 677 133 732 sed
154 676 265 740 divino,
286 676 423 730 divinitus
442 675 548 747 prolata
565 694 710 732 resonans:
743 688 826 749 atque
846 680 888 733 sic

80 751 218 823 propheta
234 750 266 805 fit
282 752 498 805 instrumentum
516 759 543 805 et
562 750 632 807 deus
646 752 759 818 artilex,
780 754 887 809 sonitus

81 834 175 882 autem
185 842 235 898 per
245 825 381 896 plectrum
394 824 511 880 verbum
525 842 622 890 suum,
643 826 762 882 reddens
778 826 811 901 (s.
823 828 888 899 pul-

80 899 158 972 sans)
169 909 231 971 apte
241 916 390 973 congruam
400 899 582 971 harmoniam,
594 918 649 973 qua
657 902 837 973 publicantur
847 904 888 957 le-

80 976 258 1047 gislationee.

120 1115 159 1180 [⁵]
184 1112 264 1173 Quare
281 1115 370 1165 seniori
381 1114 438 1177 filio
457 1114 528 1165 dicit:
557 1114 655 1179 „Seme
674 1118 848 1168 instrumentum

195 1193 288 1246 mam,
303 1182 445 1247 pharetram
462 1192 485 1232 et
503 1186 624 1233 erenw‘?
642 1188 696 1248 (at,
716 1188 753 1247 3.)

140 1285 200 1338 497.
224 1284 327 1339 Littera
346 1300 434 1355 quum
453 1292 516 1339 nota
530 1285 580 1349 sit,
606 1284 737 1357 allegoria
751 1283 886 1338 utendum

79 1368 123 1413 est
137 1358 204 1413 tali.
244 1358 303 1415 Sub
319 1361 473 1431 aenigmate
486 1366 575 1423 notat,
597 1358 672 1429 quod
691 1374 794 1429 pravus
814 1358 885 1413 nihil

79 1433 230 1505 pacificum
246 1434 361 1507 cogitat,
386 1434 435 1488 sed
449 1442 537 1490 marte
551 1432 654 1506 gaudet
669 1440 696 1487 et
714 1440 825 1503 paratus
845 1442 886 1489 est

80 1516 216 1581 apparatu
230 1507 342 1564 bellico.
381 1509 484 1564 Natura
499 1517 591 1564 autem
606 1524 735 1582 arrogans
747 1516 789 1563 est
799 1516 826 1564 et
836 1525 886 1563 au-

80 1584 152 1648 dax,
174 1591 256 1655 atque
270 1583 355 1639 simul
369 1583 488 1656 ignavus
505 1593 532 1639 et
546 1601 655 1651 vecors3
685 1600 750 1638 nam
764 1583 821 1638 lere
832 1585 885 1639 sub

80 1826 188 1890 nendo,
203 1826 395 1899 intelligibilia
404 1843 470 1882 vero
485 1825 645 1881 acutissime
655 1825 790 1891 intuetur,
808 1827 833 1881 si
843 1836 884 1882 ta-

79 1919 146 1956 men
156 1901 239 1956 etiam
248 1901 300 1956 hoo
311 1900 420 1955 edicere
428 1902 572 1973 proprium
583 1907 634 1972 est.
669 1901 798 1957 Detentus
809 1902 884 1956 enim

80 1976 117 2030 ad
126 1975 362 2053 prophetandum,
383 1993 438 2031 non
451 1977 511 2030 auis
522 1975 608 2030 utitur
619 1976 758 2040 consiliis,
780 1977 829 2030 sed
841 1977 885 2030 di-

80 2050 548 2122 vinospiritusubsonapraesagit.
583 2049 617 2103 Et
626 2050 759 2121 propheta
770 2051 884 2122 quidem

80 2142 130 2196 pro
140 2142 257 2198 organo,
274 2125 343 2180 deus
355 2135 445 2180 autem
454 2124 602 2197 propheta,
620 2125 700 2179 ouius
712 2127 808 2198 organi
823 2126 884 2197 ple-

80 2209 170 2254 ctrum
181 2200 298 2255 verbum
309 2209 351 2255 est
360 2201 434 2264 cius,
450 2199 630 2272 percutientis
640 2199 782 2269 pervalde
798 2201 884 2271 aptis-

79 2275 180 2329 simam
191 2276 343 2331 armoniam
351 2292 444 2341 suam,
464 2292 515 2346 per
527 2291 612 2346 quam
623 2272 712 2329 edicta
723 2276 884 2330 nuntiantur

78 2366 211 2421 superna.

121 2479 204 2538 Quare
222 2482 283 2534 dicit
300 2485 388 2534 maiori
396 2484 467 2546 filio:
496 2481 610 2548 ‚Accipe
628 2499 672 2532 aaa
690 2493 764 2545 tuum,
781 2482 849 2547 pln-

359 2561 448 2601 retram
470 2560 493 2600 et
510 2555 605 2600 arcum?

139 2652 197 2706 4⁹7.
223 2651 301 2706 Dicto
314 2653 453 2708 declarato
466 2651 597 2724 allegoria
613 2651 676 2706 talis
692 2656 743 2703 est.
783 2647 883 2701 Subsi-

62 2733 147 2797 gnn't
156 2727 232 2780 enim
247 2744 364 2798 pravum
378 2726 449 2782 nihil
463 2726 610 2799 pacificum
625 2723 740 2784 sentire,
762 2720 882 2792 gaudere

78 2800 187 2869 praelio
200 2810 228 2856 et
240 2811 369 2874 paratura
387 2802 470 2867 belli,
490 2809 587 2856 natura
604 2796 719 2870 quidem
739 2793 880 2855 audacem,
