2050 3100
188 249 236 303 tto
418 253 602 300 rnrnours
620 253 758 299 runaut
892 251 988 317 [rui]

186 355 337 420 delectant,
357 355 466 411 belluae
480 356 510 410 in
530 352 643 409 latebris
659 361 686 407 et
700 354 831 408 cavernis
848 364 901 412 aut
914 359 985 413 siluis

188 432 302 486 latentes
312 431 384 485 sicut
394 429 505 484 insidiis
515 435 684 500 exspectant.
723 427 797 481 Sunt
805 430 984 504 etiam,quae

186 516 326 576 tamquam
339 521 375 559 ex
387 503 558 576 pinguedine
570 502 676 573 abipso
687 501 747 556 aire
756 502 880 559 odorem
891 515 984 579 sugunt

186 579 313 634 naribus:
348 577 477 633 lectorem
493 594 559 632 vero
572 577 720 632 sentientes
734 593 818 632 nares
834 579 981 641 dimovent¹

185 662 211 708 et
222 655 336 708 latentes
346 653 375 706 in
386 652 478 706 caveis
488 651 688 723 praestolantur
701 652 901 723 venationem
932 673 982 710 sun

184 735 281 802 gentes
291 728 366 781 enim
376 744 411 782 er
420 727 533 782 insidiis
542 727 635 781 statim
645 725 726 780 avide
734 734 914 785 saturantur.

240 835 283 886 33.
307 830 382 886 Adeo
397 839 487 886 autem
506 829 654 886 nonnullae
672 831 832 886 cautionem
855 840 982 905 usurpant

183 906 218 962 de
232 906 321 961 salute
334 907 458 978 propria,
479 914 511 960 ut
525 923 578 960 non
594 905 684 960 solum
693 904 790 960 dolum
800 906 880 962 inter
890 924 983 964 semu-

184 990 277 1045 tuum‚
299 982 492 1036 verumetiam
507 978 617 1036 fortiora
631 979 774 1034 bominum
788 983 917 1038 consilia
933 983 982 1038 eiu

183 1056 260 1112 dant.
299 1057 431 1112 Dicuntur
441 1057 517 1110 enim
526 1056 616 1117 cervi,
631 1053 699 1109 dum
706 1054 866 1126 proiiciunt
877 1074 980 1118 cornua,

183 1147 316 1203 quaerere
326 1132 500 1186 securitatem
509 1129 983 1193 solitudinis.etascendentesmcn-

184 1216 225 1262 tea
240 1207 308 1262 altos
321 1215 413 1278 petere
427 1205 512 1260 silvas
528 1202 792 1275 inaccessibilesque
806 1205 984 1264 anfractuset

184 1280 291 1338 deserta
306 1281 450 1352 impervia.
489 1278 561 1345 Quin
575 1295 639 1334 vero
653 1295 740 1349 quum
751 1295 898 1337 cornuum
908 1283 983 1337 umis

184 1357 327 1428 aequalem
337 1356 393 1413 vim
405 1361 541 1410 exuerunt
548 1352 673 1424 nudique
683 1354 884 1411 instrumentis
895 1357 984 1413 delen·

185 1432 272 1488 sionis
283 1437 436 1492 evaseruut.
448 1429 602 1493 obmetum,
613 1445 647 1483 ne
658 1426 871 1486 irremediabile
883 1429 984 1504 aliquid

183 1506 373 1577 patientum-in
383 1503 532 1561 solitudine
541 1520 620 1576 spem
630 1512 743 1575 ponunt,
754 1505 839 1575 quasi
851 1516 943 1563 restet
951 1508 984 1561 eia

184 1580 248 1651 luga
258 1580 316 1635 sola
326 1611 364 1622 -
373 1580 483 1637 undeet
492 1579 668 1651 proverbium
680 1576 716 1653 [Ἴ
729 1578 815 1633 illud:
855 1583 911 1637 Ubi
923 1588 984 1638 esau

183 1671 281 1709 eumue
309 1660 449 1723 deponunt,
474 1660 589 1723 proiecto
618 1657 688 1707 locus
715 1663 752 1707 est
778 1658 983 1713 desertissimas.

181 1727 316 1793 Quoniam
331 1745 395 1801 ergo
409 1738 471 1800 post
484 1746 586 1784 cornua
600 1729 700 1786 reiecta
714 1728 792 1781 iuxta
806 1730 928 1787 radices
943 1750 985 1788 er-

182 1810 254 1857 stant
274 1804 392 1875 vestigia
411 1804 548 1868 vulneris,
573 1803 779 1875 supervolantes
798 1820 923 1863 muscae
942 1826 985 1879 pa-

181 1884 295 1931 scuntur
310 1885 336 1931 et
351 1877 528 1933 saevissimos
542 1867 648 1932 adores
664 1874 787 1932 afferunt.
828 1878 931 1945 Quare
947 1882 984 1937 illi

181 1968 231 2024 per
241 1951 315 2005 diem
326 1953 457 2006 intrantes
468 1952 588 2017 dumeta,
599 1969 707 2007 nemora
719 1950 931 2026 frondosasque
940 1958 984 2012 sil·

182 2026 342 2090 resistent,
364 2027 447 2081 ramis
461 2026 663 2098 condensisque
683 2026 827 2081 frondibus
850 2030 982 2095 obducti

181 2111 258 2157 nocte
269 2109 377 2165 antem·
388 2101 499 2172 quando
509 2101 631 2156 volatilia
641 2102 833 2172 acquiescunt,
848 2118 983 2161 exeuntes

181 2178 267 2233 tutius
290 2183 449 2247 pascuntur.
493 2175 605 2231 Adhaee
629 2177 730 2230 renatis
752 2176 889 2233 cornibus
912 2181 983 2237 haud

181 2252 321 2307 confidunt
330 2252 420 2306 statim
435 2250 551 2306 meridie
564 2250 638 2315 lotas
650 2251 738 2313 exire,
760 2251 844 2305 veriti
862 2258 983 2312 necdum

180 2327 301 2381 stabilita
321 2326 407 2381 fuisse
426 2342 540 2381 cornua:
573 2342 660 2396 quum
680 2326 753 2379 enim
773 2325 870 2382 adhuc
889 2338 984 2387 tenera

181 2409 258 2465 sunt.
279 2402 360 2471 quasi
371 2401 507 2455 luteseunt
518 2418 549 2455 ac
559 2399 753 2456 discinduntur
763 2400 796 2454 ab
806 2402 901 2458 radiis
913 2410 984 2462 sola-

179 2474 271 2537 ribus,
292 2483 323 2528 ut
337 2474 433 2547 argilla
447 2475 527 2546 figuli
542 2474 576 2529 ab
590 2476 665 2546 igne.
703 2474 892 2541 Quamobrem
909 2481 985 2536 diifi·

178 2546 288 2611 dentes‚
310 2564 344 2601 ne
359 2548 587 2620 lorteperleotam
602 2548 693 2603 adhue
703 2566 756 2603 non
767 2554 986 2621 acceperintso·

179 2619 327 2683 imitatem,
350 2623 379 2675 in
395 2622 504 2676 arbores
518 2625 678 2693 percutiunt
692 2625 780 2695 capite
796 2642 846 2682 sua
870 2638 900 2686 et
921 2650 987 2702 pro·

176 2690 243 2812 pant
253 2708 353 2818 οοῖιιυᾳ
363 2710 412 2822 per
422 2703 576 2752 contactum
587 2706 614 2753 ct
624 2699 815 2770 compulsum,
838 2717 879 2757 an
895 2704 989 2762 lirani·

187 2778 216 2814 er
226 2780 287 2817 erec
299 2782 314 2818 a
325 2784 367 2821 sin
384 2808 390 2820 .
