2050 3100
55 156 179 227 [urm]
374 151 589 210 nuroun'
673 220 676 226 ,
809 157 858 211 tta

55 264 147 320 maris
160 260 278 317 radices.
322 262 380 335 Ego
393 262 454 318 vidi
468 263 561 337 abyssi
579 264 665 318 imum
684 263 795 335 pusillis
814 264 859 319 his

55 338 165 402 oculis,
187 346 214 393 et
224 346 314 409 petras
325 338 354 391 in
364 338 455 394 medio
464 338 601 395 undarum
610 339 745 394 radicatos
755 339 869 395 lucem--

56 431 116 487 que
128 413 305 467 irradiantem
316 413 344 466 in
356 430 489 485 aquarum
498 413 638 478 decorem,
655 422 760 469 aestum
770 414 860 469 unda-

56 507 139 553 rum,
155 488 256 543 saltum
267 488 433 543 marinorum
443 488 582 562 (piscium)
591 488 721 564 hilarem,
733 497 760 544 et
770 490 861 544 varie·

57 573 132 620 tates
152 562 300 618 formarum
318 563 490 619 animalium.
533 565 641 620 Novum
660 566 755 636 utique
773 564 859 621 alium

57 638 199 694 muudum
208 638 286 710 attigi
296 646 358 709 post
366 639 451 694 istum
459 640 610 695 humanum
620 641 649 694 iu
661 638 724 713 fugo
735 657 808 703 mea,
832 646 860 695 et

59 722 159 769 natans
168 730 233 767 eum
243 712 413 783 aquatilibus
423 714 510 770 factus
521 732 583 769 sum
593 730 657 786 ego:
677 715 748 770 inter
762 715 860 788 gurgi-

58 799 101 843 tes
116 788 239 842 marinae
253 786 358 843 bestiae
372 806 446 844 more
460 790 579 845 nutritus
592 807 654 844 sum
670 798 698 845 et
712 789 859 845 humidum

58 866 125 918 ae'ra
134 880 183 933 pro
194 862 271 917 arido
280 863 358 927 suxi,
380 865 518 919 attrahens
533 881 568 919 ex
577 866 630 919 ceti
639 864 729 935 palato
739 865 860 937 respira-

56 940 179 1002 tionem,
191 946 291 992 etcum
301 936 389 994 feroce
399 938 455 994 iera
465 939 578 1003 saltavi,
590 946 617 993 et
625 947 733 994 natante
744 957 860 996 concur·
884 938 886 940 ’

57 1013 168 1068 rebam.
196 1010 308 1078 Quoties
318 1029 402 1085 super
412 1014 525 1069 dorsum
534 1014 618 1067 maris
628 1014 751 1089 elevatus
761 1014 859 1069 ambu-

59 1088 169 1152 labam,
191 1096 218 1141 et
230 1104 280 1159 per
294 1089 347 1142 ceti
359 1088 454 1143 oculos
472 1089 545 1143 sieut
564 1087 684 1152 alienum
702 1086 859 1160 novumque

57 1162 123 1217 vidi
132 1161 277 1216 mundum.
310 1161 422 1228 Quoties
435 1163 464 1216 in
473 1161 565 1218 medio
576 1163 669 1236 abyssi
679 1163 714 1219 ad
724 1165 807 1218 maris
818 1164 860 1217 ia·

59 1238 160 1293 cabum
170 1237 266 1301 imum,
279 1237 313 1291 ad
324 1237 441 1292 bestiam
451 1237 618 1292 contendens
629 1237 739 1292 fruebar
749 1238 857 1311 abysso,

58 1322 87 1369 et
97 1312 257 1374 cernebam,
274 1312 410 1383 quomodo
424 1313 511 1367 imum
529 1310 565 1388 [*]
578 1313 661 1367 maris
674 1312 747 1368 infra
759 1312 858 1377 stabat,

61 1388 163 1461 abysso
174 1388 293 1459 agitante
303 1387 394 1441 locum
404 1394 430 1442 et
440 1396 553 1460 cogente
563 1388 664 1460 aperiri
678 1397 783 1460 portam
793 1405 861 1461 gur-

60 1464 143 1536 gitis,
166 1462 204 1517 ita
218 1470 249 1517 ut
262 1463 371 1533 copiose
385 1464 529 1518 scaturiret
541 1464 631 1519 omnis
641 1481 721 1535 aqua.
760 1461 861 1519 Levia-

60 1538 129 1595 thau
143 1535 235 1592 autem
248 1535 389 1610 opponens
404 1556 504 1611 eorpus
519 1556 601 1594 suum
620 1541 723 1613 gurgiti
738 1539 859 1613 globulis

60 1613 205 1686 operiebat
215 1613 273 1667 loca
283 1613 431 1686 discerpta,
439 1616 511 1669 siout
520 1616 608 1670 vietor
617 1615 753 1688 intrepide
762 1631 862 1688 super·

59 1689 163 1744 sedens
177 1696 281 1743 tantum
296 1691 428 1745 scaturire
441 1689 616 1762 permittebat
630 1691 746 1764 gurgiti,
770 1707 861 1763 quau·

60 1774 122 1819 tum
136 1780 236 1835 corpus
252 1763 311 1819 illic
324 1765 416 1821 iacens
431 1764 549 1821 sinebat.
592 1767 687 1838 Neque
704 1766 756 1822 hoe
769 1767 860 1821 solum

61 1837 227 1911 (videbam),
249 1838 298 1894 sed
313 1841 395 1895 etiam
411 1849 438 1896 et
452 1840 527 1896 unde
540 1842 678 1915 incognita
687 1859 797 1913 quoque
807 1839 861 1896 llu-

61 1914 138 1968 mina
152 1923 304 1968 naseuntur
318 1923 344 1970 et
358 1915 432 1970 unde
446 1918 476 1970 in
489 1915 577 1972 fontes
588 1926 695 1973 emanat
704 1915 858 1981 alluvium,

60 1999 88 2045 et
99 1989 150 2044 ubi
161 1990 332 2044 eonsumitur
341 2008 450 2063 semper
459 2007 575 2064 surgens
584 1994 736 2065 scaturigo,
755 2000 781 2047 et
791 2008 861 2062 quo-

61 2064 144 2120 modo
155 2062 230 2118 faece
241 2065 344 2119 mixtus
354 2076 446 2138 potus.
468 2066 557 2138 Atque
566 2076 700 2138 quantum
710 2066 794 2123 iacies
805 2065 861 2121 ior·

62 2157 124 2194 mae
133 2146 254 2193 cetorum
270 2139 413 2197 horribilis
427 2143 476 2205 sit,
493 2151 681 2214 quantumque
691 2142 861 2199 terrestrium

62 2213 213 2270 formarum
224 2214 436 2272 similitudinem
445 2233 510 2288 prae
521 2235 551 2271 se
562 2217 651 2272 lerunt
664 2235 699 2272 ex
708 2234 763 2272 una
773 2223 859 2288 porte,

62 2289 285 2360 quadrupliciter
301 2289 431 2361 ferociora
441 2292 591 2363 gaudentes
606 2299 716 2356 natura,
737 2300 764 2344 et
772 2306 862 2361 quan-

62 2373 122 2420 tum
136 2364 220 2419 amici
235 2363 331 2420 dilecti
346 2368 418 2422 iuter
431 2383 461 2421 se
475 2365 594 2422 invicem
605 2367 823 2437 comperiuntur,
835 2372 863 2417 et

63 2440 173 2510 quoties
195 2447 288 2495 eontra
311 2458 341 2494 se
360 2449 455 2498 mutuo
473 2440 569 2498 dentes
588 2440 742 2496 mittebant.
790 2438 863 2493 llaee

63 2515 157 2569 omnia
167 2515 419 2572 circumambulans
429 2515 569 2572 videbam.

120 2623 164 2675 ta.
185 2620 255 2676 Mihi
266 2630 357 2676 autom
367 2621 528 2677 admiranda
538 2622 705 2676 haeserant:
726 2616 862 2690 quomodo

64 2711 148 2767 super
157 2709 234 2749 mare
244 2703 297 2753 stat
306 2715 376 2756 onus
386 2697 550 2771 rigidumvao
564 2695 697 2757 solidum,
714 2691 798 2749 fluida
813 2710 863 2747 ua·
