2050 3100
172 91 222 146 sos
296 93 395 139 rum.
415 91 492 139 run.
513 89 673 148 Qunssr.
691 87 743 134 ur
762 87 840 134 son.
862 84 990 154 [umet]

210 224 274 284 Quid
290 235 324 275 est
341 221 534 290 „Multiplicubo
551 237 628 272 setuen
646 229 709 271 turon
723 229 843 286 tunquam
857 221 950 273 ereum

458 289 560 340 caetus
575 293 629 353 (to,
648 289 687 348 4,)

83 446 87 458 ¹
230 389 287 441 tot.
312 383 369 440 Duo
384 383 578 454 designantur,
596 380 702 453 quibus
714 381 914 436 universorum
929 400 986 438 en-

173 462 243 517 tium
253 468 348 516 natura
359 457 498 512 consistit:
523 456 662 528 quantitas
672 462 699 510 et
709 454 839 526 qualitas.
881 453 986 522 Quan-

172 536 236 590 titas
251 533 280 588 in
294 531 344 588 illo
357 533 545 600 multiplicabo,
564 529 683 602 qualitas
698 537 789 584 autem
802 530 833 583 in
841 529 898 584 isto
908 538 984 588 siem

171 611 269 664 stellas.
309 603 356 662 Sio
370 622 469 678 nempe
482 604 566 660 nitidi
579 604 773 678 fulgentesque
783 602 849 675 (sint
859 603 914 658 filii
924 606 982 678 tui]

173 691 253 754 etque
272 687 426 736 oonstautes
444 681 474 734 in
492 677 589 734 ordine
606 677 730 734 collocati
746 687 773 734 et
785 675 981 750 obsequentes

172 757 303 830 chorago;
327 753 410 812 simul
421 755 512 808 sutem
523 754 561 809 ita
574 771 604 809 se
618 751 750 818 habeant,
770 753 844 809 sieut
858 752 982 809 lucifor-

172 848 231 886 mes
246 828 375 902 (stellaeJ,
386 829 387 832 ’
394 827 485 900 plenis
498 828 623 900 undique
633 827 828 900 splendoribus
837 829 981 884 minantes

172 913 333 977 caeteraque
342 904 433 960 omnia
442 903 642 960 illuminantes.

239 1043 279 1114 Γ]
301 1041 367 1104 Quid
383 1054 419 1095 est
436 1041 553 1108 „Serru‘m‘
569 1049 607 1092 tuo
625 1041 688 1091 dubo
706 1058 795 1092 omnem
816 1051 905 1092 terram

483 1109 587 1160 hanff?
601 1109 661 1173 (ib.)

231 1209 288 1264 182.
310 1206 413 1262 Littera
426 1203 556 1277 patefacit
562 1203 704 1276 propriam
714 1201 785 1275 legis
793 1203 975 1268 sententiam,

174 1278 327 1336 secundum
346 1279 421 1351 quod
439 1277 556 1335 dicitur:
596 1275 677 1334 Solus
694 1279 806 1349 sapiens
825 1276 921 1341 dives,
946 1288 978 1333 et

174 1357 266 1410 omnia
276 1355 410 1426 sapientis
419 1369 489 1408 esse.
529 1350 571 1407 Ad
581 1359 701 1408 mentem
713 1369 793 1416 vero,
808 1351 973 1416 concedam,

202 1590 268 1649 Qua
275 1601 309 1641 stt
318 1624 334 1654 ‚,
342 1587 510 1657 Multipltroto
518 1592 740 1643 immolent
751 1592 833 1643 τεὼ
844 1592 949 1643 oedi“t

231 1692 287 1747 181.
308 1690 428 1765 Utraque
440 1690 486 1746 hic
494 1700 672 1763 promuntur;
686 1694 790 1765 quibus
799 1701 896 1749 natura
906 1696 976 1749 uni-
1021 1755 1022 1764 χ

174 1766 312 1821 versitatis
322 1775 440 1822 constat:
461 1783 511 1837 pro
522 1783 607 1823 censu
616 1769 777 1840 quantitatis
787 1776 868 1841 atquo
878 1768 976 1841 quoli-

174 1842 248 1896 tatis.
286 1841 337 1897 Pro
350 1858 405 1896 uno
419 1842 493 1895 enim
502 1840 607 1897 dietum
617 1850 658 1897 est
666 1844 855 1913 multiplicabo,
870 1859 922 1915 pro
931 1843 974 1898 al-

174 1924 231 1969 tero
244 1918 312 1969 siout
324 1916 412 1971 stellas
426 1918 498 1971 eoelr'.
537 1917 575 1971 lto
588 1933 672 1988 puras
683 1926 710 1973 et
719 1916 880 1991 splendidas
889 1924 918 1972 et
928 1917 974 1972 in-

174 1991 282 2061 signem
297 1989 405 2044 sortitas
418 1988 557 2054 ordinem,
579 2000 605 2046 et
619 2009 669 2047 suo
684 1994 773 2048 autori
790 1990 973 2047 immortabili
1020 2025 1021 2056 t

174 2080 258 2120 cursu
267 2070 347 2118 votus
357 2066 483 2135 promisit
497 2064 664 2121 luminosum
679 2065 772 2139 (marn.
784 2065 974 2139 numerosum)

174 2154 269 2192 semen
275 2135 403 2202 filiorum,
414 2140 463 2209 qui
472 2156 567 2193 ornnes
576 2158 626 2211 per
635 2142 727 2195 omnia
736 2142 884 2213 coelipetas
894 2140 974 2197 ethe-

175 2212 229 2268 rios
241 2210 308 2268 dum
318 2212 382 2277 hos,
398 2213 521 2286 aliasque
531 2214 657 2287 regiones
668 2216 846 2271 illustrantes.

212 2348 277 2410 Qatu
294 2363 329 2403 est
350 2350 446 2418 „Dabo
462 2354 601 2404 euoluitur
619 2364 706 2404 omnem
725 2364 811 2405 turma
827 2356 941 2405 utaw‘t
1019 2353 1020 2378 ³

234 2456 290 2512 182.
310 2454 419 2509 Dictum
429 2453 667 2525 declarat,utpote
676 2454 721 2509 dei
731 2455 839 2511 decreto
847 2471 974 2528 pronun·

174 2529 286 2595 uatum,
308 2527 382 2601 quod
400 2528 475 2583 solus
496 2527 545 2582 ille
563 2526 718 2583 ditissimus
737 2538 778 2585 est
797 2530 924 2601 sopiens,
946 2538 974 2584 et

174 2602 267 2658 omnia
277 2602 337 2658 eius
347 2618 416 2657 esse.
454 2598 499 2655 nd
512 2598 683 2656 intellectum
696 2620 774 2659 voro:
799 2601 973 2662 uombotiui
1018 2667 1019 2676 ¹
