2050 3100
44 152 176 220 [1‚to.71.]
195 158 246 203 DE
270 151 546 208 PROVIDENTIA
564 160 691 205 SERMO
710 159 741 204 11.
819 151 849 205 'ii

108 262 151 327 3⁴·
177 258 295 323 Deinde,
315 276 332 313 o
346 277 477 332 generose
492 260 550 324 vir,
572 260 628 316 noli
643 259 741 314 inutile
756 267 852 331 putare
881 261 886 273 '

43 332 203 388 identidem
213 334 387 407 tyrannidem
398 352 471 403 esse3
492 352 543 390 nec
556 333 592 410 [Ἴ
605 336 679 390 enim
689 335 798 407 punitio
808 335 852 388 in-

43 409 129 469 utilis
140 417 194 473 est,
206 409 255 463 sed
266 409 534 484 ipsishonoribusl)¹
542 419 588 467 aut
599 402 693 465 utilior
702 409 797 482 probis
808 410 853 464 vi-

43 485 89 537 ris
105 492 146 538 est
160 492 207 538 aut
223 501 277 538 non
293 485 329 538 ita
345 486 447 540 minor:
478 495 646 557 quapropter
660 502 748 558 poena
761 485 852 539 omni-

43 559 118 622 bns,
138 575 209 629 quae
222 567 311 614 rectae
326 561 496 632 conscriptae
511 560 622 616 luerunt
635 561 724 634 leges,
746 560 851 615 adiecta

44 641 102 687 est.
140 633 194 699 Qui
207 652 272 690 vero
287 635 469 706 scripserunt,
491 636 526 690 ab
536 637 674 691 universis
686 635 768 691 laude
778 635 852 690 cele-

43 709 178 777 brantur3
210 711 282 763 sicut
297 711 371 764 enim
384 711 413 764 in
423 711 525 782 populo
535 720 681 784 tyrannus,
698 712 779 766 sicin
790 711 850 784 lege

41 784 167 855 punitio.
207 785 307 840 Verum
323 787 397 839 enim
411 803 476 840 vero
490 786 602 857 quando
615 787 725 841 virtutis
743 795 850 860 egestas

43 877 81 913 ac
95 859 213 930 penuria
225 877 332 916 summa
346 862 508 933 supervenit
522 861 680 917 civitatibus
700 879 731 915 ac
750 878 849 934 magne

42 935 129 1004 copia
141 934 317 1005 insipientiae
331 936 459 1007 pervadit
473 935 552 1009 (ens),
573 944 640 990 tunc
654 935 766 990 demum
780 936 849 1006 deus

42 1009 127 1063 velut
135 1011 273 1082 gurgitem
286 1011 432 1081 quemdam
443 1012 585 1074 torrentis,
607 1008 750 1064 deflectere
761 1011 849 1065 collu-

43 1085 123 1138 viem
137 1084 258 1140 malitiae
273 1086 341 1157 alias
356 1087 485 1158 cupiens,
506 1095 537 1140 ut
551 1084 678 1156 purificet
692 1101 781 1158 genus
800 1101 850 1138 no-

41 1169 149 1223 strum,
171 1160 231 1231 ipse
245 1161 330 1216 robur
344 1171 370 1216 et
383 1169 544 1233 potestatem
554 1168 673 1231 praestat
683 1159 744 1214 istis
755 1176 790 1214 ex
800 1176 850 1213 na-

40 1245 109 1291 tura
124 1235 411 1309 praevalentibus**):
439 1235 580 1307 siquidem
596 1237 656 1288 si'ne
674 1234 768 1289 crudis
789 1235 849 1288 eni-

40 1310 101 1365 mis
117 1327 171 1364 non
185 1320 354 1384 expurgatur
366 1311 481 1366 malitia.
521 1312 555 1365 Et
564 1309 798 1381 quemadmodum
809 1310 850 1362 ci-

42 1387 148 1440 vitates
158 1386 193 1440 ob
207 1386 375 1448 homicidas,
397 1386 550 1458 proditores
562 1395 587 1440 et
597 1383 778 1458 sacrilegos†)
790 1401 850 1438 car·

41 1460 145 1516 nilices
155 1461 245 1525 alunt,
262 1479 316 1516 non
327 1480 417 1517 mores
427 1462 525 1517 borum
537 1461 680 1528 bominum
694 1460 849 1533 approban-

40 1547 102 1601 tes,
134 1536 183 1592 sed
206 1537 292 1592 olfioii
315 1537 462 1595 utilitatem
487 1545 725 1611 recognoscentes:
761 1535 848 1591 simili

41 1612 130 1668 modo
149 1630 265 1686 magnae
283 1613 368 1669 huius
388 1612 544 1679 mundanae
560 1614 680 1668 civitatis
696 1612 848 1667 moderator

40 1699 188 1759 tamquam
198 1688 295 1760 populi
306 1690 448 1744 carnifices
458 1690 583 1761 praeficit
592 1691 721 1763 tyrannos
730 1690 767 1742 iis
777 1689 849 1743 civi-

40 1764 161 1829 tatibus,
174 1765 203 1818 in
214 1764 317 1835 quibus
328 1761 602 1830 sentiatviolentiem‚
617 1762 654 1839 [*]
666 1766 845 1837 impietatem,

41 1840 165 1895 iniurias
185 1840 309 1911 aliasque
328 1841 448 1895 malitias
468 1840 675 1912 multiplicatas.
716 1840 769 1895 Ubi
782 1855 847 1895 vero

41 1932 113 1969 mox
122 1914 254 1969 cessando
264 1915 385 1970 saniores
396 1915 519 1971 redditae
530 1924 607 1979 sunt,
629 1925 687 1970 tum
697 1915 807 1971 demum
822 1921 848 1968 et

41 1991 125 2052 illos,
137 1991 187 2060 qui
197 1991 227 2044 in
238 2007 320 2045 causa
330 1989 455 2054 fuerunt,
472 1992 604 2061 quoniam
614 2008 668 2045 non
679 2008 745 2046 sano
756 1990 847 2045 consi—

42 2066 99 2128 lio,
121 2064 171 2119 sed
185 2065 373 2120 immundo-ec
388 2066 494 2121 crudeli
511 2067 602 2121 animo
621 2067 741 2122 ministri
761 2065 847 2120 exsti-

37 2152 118 2203 tere,
147 2142 343 2211 praeter‘alios
363 2141 440 2196 velut
457 2140 627 2212 principales
646 2140 781 2211 quosdam
801 2156 847 2194 ae·

41 2232 135 2287 quum
150 2215 227 2270 ducit
242 2217 355 2271 visitare
368 2215 602 2289 (suppliciisllslsl.

96 2356 119 2402 ¹)
133 2356 174 2396 Ubi
187 2357 241 2405 legii
253 2358 358 2406 interpres
372 2361 441 2406 τιμαῖς
453 2368 491 2405 pro
504 2352 609 2406 τιμωρίας.
635 2353 715 2393 Aucb.

96 2405 133 2453 “i
154 2406 213 2446 Arm
228 2412 301 2447 sonate
328 2412 426 2447 natum
442 2407 579 2456 corpulentior
591 2404 690 2451 ,legebat
706 2414 756 2452 ergo
774 2406 795 2443 ln
809 2404 845 2444 (ir.

41 2462 87 2503 τοῖς
101 2454 137 2503 τὰς
151 2455 222 2509 φύσεις
235 2463 348 2507 σαρκικοῖς,
367 2460 404 2497 ubl
418 2464 488 2497 tamen
501 2466 557 2495 nune
571 2454 662 2493 habetur
673 2459 715 2500 τοῖς
727 2452 846 2506 τὰς’φύσιις

42 2505 147 2560 ἀρχικοῖς,
163 2508 220 2556 quod
233 2512 302 2557 magis
315 2511 341 2549 ed
355 2520 400 2549 rem
413 2510 483 2547 iecere
495 2518 559 2547 nemo
573 2506 708 2544 inficiabitur.
735 2505 815 2545 Auen.

95 2559 116 2606 t)
139 2557 245 2597 Accumte
261 2570 285 2599 se
301 2561 394 2599 invicem
415 2560 538 2607 exprimunt
559 2556 595 2596 Gr.
616 2554 722 2603 droco'lcrg
743 2560 765 2595 et
784 2556 844 2595 Arm

42 2613 132 2650 deorum
145 2619 164 2648 ι.
178 2611 296 2649 divinorum
308 2612 464 2659 spoliatoribus.
491 2609 572 2647 Auen.

96 2661 127 2706 tt)
141 2670 160 2698 s.
169 2662 290 2707 superlatet
299 2663 403 2700 constituit
411 2662 465 2699 artos
475 2662 504 2697 ad
511 2660 623 2697 &edictam
632 2659 762 2707 capiendam.
782 2656 845 2707 Quod

42 2714 63 2753 si
78 2713 174 2757 constet,
188 2710 259 2759 eliqua
272 2713 347 2752 dcem
359 2714 382 2751 tn
395 2710 432 2751 Gr.
446 2710 549 2749 hodierno
563 2708 648 2748 duone.
675 2708 757 2749 Auen,
