2050 3100
68 136 589 204 [1112111]υΕΡιὶοΠυΕΝ·ΤῐΑ
608 145 736 192 SERMO
755 147 786 192 11.
829 139 876 194 107

68 259 119 298 rae
134 240 253 316 (opera),
273 241 323 297 sed
337 252 492 315 sequuntur
505 246 660 301 necessario
674 256 700 302 et
708 246 876 318 praeceden-

68 319 145 372 tium
166 319 381 390 consequentiae
399 327 473 373 sunt.
523 319 602 386 Ouod
621 321 646 374 si
665 322 753 394 aliqui
774 321 875 395 (etiam)

69 393 146 448 inter
155 391 244 448 bonos
252 392 362 464 capiant
371 393 487 448 istorum
497 393 610 460 damna,
623 411 678 451 non
689 395 753 452 licet
763 413 876 452 accusa-

70 485 101 522 re
111 468 358 539 dispensationem.
392 469 516 540 Namque
526 471 556 524 in
566 471 679 542 primis,
700 489 755 526 non
765 473 815 544 qui
826 472 877 527 bo-

71 543 102 596 ni
115 539 155 617 [*]
167 542 241 614 apud
249 559 300 598 nos
309 550 454 614 putantur,
473 546 610 600 vvoraciter
619 547 701 601 etiam
712 555 786 602 sunt.
826 548 875 601 Dei

71 618 150 671 enim
165 617 264 673 electio
277 618 383 672 iudicio
396 617 533 674 humanae
543 621 644 676 mentis
653 623 766 677 omnino
776 623 876 677 certior

72 700 125 754 est.
158 691 293 750 ¹Secundo
307 693 351 748 ris
364 693 575 764 providentialis
590 705 743 766 praestatur
756 698 785 752 in
797 698 875 753 utili-

71 775 158 822 tatem
176 767 436 839 oomprebensorum
452 769 483 823 in
502 769 620 834 mundo,
650 773 723 827 siout
742 773 771 827 in
790 773 874 828 rebus

71 842 161 915 regiis
179 850 207 896 et
224 842 393 897 militaribus
411 843 591 916 civibusque,
619 862 671 900 nee
685 855 824 918 tamquam
838 865 874 902 ex

71 917 208 990 neglectis
231 935 263 972 ac
285 918 396 991 ignavis
421 918 496 989 quod
519 919 654 992 contingit
672 921 757 991 pendi
780 921 872 977 debet.

71 991 192 1059 Quidam
206 1009 272 1048 vero
285 993 399 1057 dicunt,
420 993 495 1064 quod
510 995 621 1049 sicutin
631 996 816 1068 tyrannicidio
826 1013 874 1051 co-

72 1076 170 1140 gnatos
179 1084 289 1139 quoque
299 1069 424 1141 proprios
434 1067 584 1140 deperdere
595 1069 671 1133 licet,
693 1072 873 1142 utmagnitu-

72 1142 139 1199 dine
154 1143 288 1215 supplicii
303 1143 485 1199 cohibeantur
499 1145 632 1208 iniuriae,
654 1145 740 1198 simili
755 1145 874 1200 modoet

72 1219 103 1273 in
111 1218 217 1274 morbis
230 1217 370 1290 pestiferis
383 1227 500 1289 pereunt
509 1218 637 1275 nonnulli
646 1218 721 1274 haud
731 1220 826 1290 impii,
843 1229 874 1276 ut

73 1311 87 1348 e
103 1293 255 1366 longinquo
269 1294 319 1348 alii
338 1292 548 1363 admoneantur3
575 1295 648 1350 sieut
661 1295 744 1350 etiam
759 1312 873 1350 necesse

73 1378 115 1423 est
124 1385 172 1427 eos
181 1368 276 1424 morbo
287 1368 424 1434 laborare,
438 1371 488 1440 qui
498 1378 565 1426 suut
573 1370 603 1424 in
613 1371 674 1424 aere
683 1371 817 1443 contagiis
828 1373 873 1424 in-

73 1443 159 1508 iecto,
179 1443 413 1515 quemadmodum
428 1453 455 1500 et
472 1437 531 1509 illi:
551 1446 644 1516 quiin
654 1446 719 1499 navi
730 1445 885 1501 suntsub-.

72 1520 143 1577 iecta
153 1518 292 1585 hibernati
300 1512 471 1593 tempestati,
485 1521 515 1575 in
525 1521 649 1593 periculo
658 1519 813 1579 sufferendo
821 1539 872 1595 pa-

74 1604 202 1651 rescunt.
498 1638 506 1644 ⁷

130 1704 187 1756 toa.
213 1701 262 1756 llla
277 1710 368 1756 autem
383 1700 502 1756 ferarum
518 1700 648 1757 fortitudo
663 1702 803 1775 (quoniam
817 1720 871 1758 non

73 1776 202 1831 convenit
209 1784 314 1841 tacere,
334 1778 524 1849 interponatur
537 1792 627 1832 sermo
641 1778 797 1843 sufficiens,
816 1779 871 1833 iam

72 1851 181 1923 prolixe
193 1859 324 1907 nasutas
336 1853 365 1906 in
381 1854 542 1924 praemissis
559 1854 615 1908 tuis
635 1853 780 1927 apologiis)
800 1852 870 1909 facta

74 1927 128 1982 init
137 1927 196 1981 loco
209 1928 413 1982 exercitationis
424 1928 459 1982 ad
469 1928 602 1983 bellicum
613 1944 742 2001 agonem:
764 1931 878 1997 exemi·

73 2002 140 2057 tatio
147 2002 222 2056 enim
231 2004 422 2076 gymnicorum
432 2002 561 2057 ludorum
571 2010 598 2057 et
606 2001 775 2074 frequentata
785 2022 871 2059 vena-

74 2077 112 2131 tio
126 2093 240 2132 nervosa
254 2094 286 2132 ac
302 2075 340 2152 [*]
355 2077 466 2132 robusta
481 2080 593 2133 omnino
610 2078 730 2133 reddunt
747 2096 868 2149 corpora,

74 2158 170 2207 etanta
180 2168 292 2224 corpora
302 2154 409 2207 animos
417 2152 631 2207 consuefaciunt
646 2153 681 2207 ad
694 2161 871 2208 contemnen-

73 2227 123 2281 das
131 2229 287 2299 repentinas
298 2227 417 2282 hostium
427 2228 600 2282 incursiones
613 2227 727 2298 vimque
740 2227 869 2289 leronem.

72 2303 126 2356 Eos
135 2309 240 2367 tamen,
251 2304 423 2374 qui'naturae
433 2310 498 2357 sunt
507 2300 687 2371 tranquillae,
700 2308 806 2372 oportet
815 2319 869 2357 non

73 2377 161 2431 solum
171 2379 242 2432 intra
252 2394 353 2442 muros,
365 2394 461 2432 verum
471 2379 555 2432 etiam
564 2376 594 2430 in
604 2375 683 2430 cellis
692 2376 870 2433 interioribus

72 2452 255 2524 thalamisque
265 2453 387 2507 inclusos
397 2452 567 2525 degeresine
577 2449 750 2515 detrimento,
765 2452 869 2524 quippe

74 2528 123 2599 qui
147 2527 249 2583 babent
271 2528 306 2582 ad
328 2527 486 2583 fruitionem
505 2527 613 2598 copiam
632 2527 725 2599 gregis
745 2528 868 2582 cicurum

75 2598 264 2657 animantium.
312 2603 380 2675 Apri
402 2603 475 2656 enim
499 2610 526 2657 et
545 2603 637 2657 leones
655 2601 869 2673 consimilesque

75 2693 122 2732 sua
133 2685 229 2732 natura
239 2678 326 2733 libera
335 2678 380 2733 nsi
390 2677 486 2747 procul
496 2679 531 2732 ab
540 2676 658 2731 urbibus
668 2678 765 2733 semoti
775 2678 870 2748 repul-
