2050 3100
61 176 158 239 ξιιιιι]
218 145 603 239 1N‚onuesm.snnuo
621 184 665 230 rr.
810 178 843 227 83

59 282 194 337 ¹<erundum
204 291 345 348 naturam,
366 284 529 338 monstravit
538 283 620 347 deus,
643 283 733 338 ablato
746 283 809 341 velo
818 294 845 339 et

59 356 144 412 nudata
157 359 296 429 cuiusque
312 359 403 431 operis
421 354 573 415 efficaciore
587 358 842 432 comprehensione.

58 432 102 484 lloe
110 434 337 505 contemplativae
353 434 425 487 vitae
440 434 627 505 omniumque
636 434 772 491 virtutum
789 442 845 488 ter-

58 508 134 561 minus
145 517 198 571 est,
212 508 289 563 nude
300 507 396 563 videre
406 517 532 563 naturam
542 516 569 563 et
578 517 690 563 naturae
700 518 844 581 tegumen·

57 594 88 643 te,
106 583 206 653 quibus
223 591 285 638 erat
299 583 401 659 celata,
428 583 567 639 auferente
585 584 696 640 domino
714 592 740 638 et
757 594 843 657 patre,

57 666 266 731 monstranteque
275 658 421 713 manifeste
431 676 513 731 opera
524 677 575 713 sua
584 659 737 714 intellectui
748 700 754 723 ‚
768 669 846 715 extra

57 748 114 801 quae
126 733 280 789 nihilvisu
296 734 414 808 dignum
427 736 506 806 prius
521 742 648 790 censetur
665 745 712 789 aut
726 744 847 789 meretur

56 806 173 861 studium.
207 808 348 876 Quoniam
361 810 410 880 qui
422 827 475 864 non
486 810 636 863 domestice
647 810 847 882 philosophan-

56 888 91 933 tur
100 884 202 938 animae
212 885 320 947 oculis,
340 884 480 940 obcaecati
490 894 555 939 sunt
566 902 616 939 neo
625 885 720 940 videre
730 893 847 956 possunt

58 972 98 1009 nec
108 959 258 1024 mundum,
281 977 371 1030 neque
386 976 456 1033 quae
467 960 496 1014 in
506 960 560 1014 isto
570 968 647 1027 sunt3
669 962 761 1016 omnia
772 962 847 1015 enim

57 1028 265 1091 dilataet'eelata
274 1043 338 1090 sunt
348 1036 409 1091 iure
420 1036 474 1100 eis,
494 1037 543 1109 qui
552 1034 648 1091 videre
658 1045 807 1107 nequeunt.

60 1206 98 1256 tle
108 1209 174 1261 dicit:
201 1212 355 1275 ,‚Sciebcm‚
375 1212 432 1276 quic
442 1212 575 1277 praecipiet
587 1210 652 1273 filiis
668 1210 716 1259 ouis
733 1218 755 1257 ct
772 1208 851 1257 domui

81 1322 85 1331 .
111 1294 166 1327 suae
179 1270 241 1344 poo't
261 1296 299 1341 ee,
328 1288 350 1328 et
369 1280 497 1329 custodient
515 1279 567 1329 viae
586 1277 687 1339 domini,
712 1284 737 1325 ut
749 1276 848 1339 saciant

113 1345 222 1395 iustitiam
233 1355 260 1395 et
269 1346 394 1395 indicium:
412 1356 437 1395 ut
451 1346 556 1395 adducat
570 1345 676 1393 denudum
689 1359 760 1407 cuper
769 1342 849 1389 Abra-

115 1410 165 1461 lam
175 1414 272 1474 omnia,
292 1430 353 1477 qcce
363 1414 451 1462 locotus
461 1424 494 1463 eet
504 1414 539 1463 ad
546 1412 650 1462 ictuum
667 1413 720 1476 (18,
735 1414 787 1472 le.)

105 1516 143 1571 Ὦ.
169 1516 330 1576 Praesciam
352 1516 482 1574 virtutem
499 1516 581 1574 Entis
603 1514 709 1572 indicat
730 1510 849 1570 manile-

60 1585 132 1653 stim,
150 1590 262 1650 dieens:
292 1592 413 1648 Sciebam
428 1597 509 1656 eona,
528 1596 597 1662 quod
606 1601 794 1660 praecepturus
805 1595 848 1644 ait.

61 1659 119 1730 Nam
132 1677 272 1726 creaturae
287 1665 424 1724 familiare
439 1673 528 1722 estex
547 1667 781 1724 consummatione
800 1664 850 1717 ad-

63 1747 154 1795 vertere
167 1743 294 1816 singula,
319 1741 372 1798 deo
389 1761 452 1800 vero
470 1753 498 1796 et
516 1750 580 1808 ante
598 1743 770 1814 principium
789 1740 850 1794 ani·
925 1775 935 1796 .

63 1811 218 1895 madvertere
233 1817 268 1892 (s.
285 1817 381 1890 scire).
420 1820 556 1878 Honorem
571 1828 662 1875 autem
676 1823 795 1873 meretur
805 1831 850 1868 sa·

64 1899 146 1966 prens,
164 1911 219 1950 nou
230 1895 291 1966 ipse
301 1893 378 1950 solus
388 1894 525 1952 honorans
540 1895 682 1954 virtutem,
703 1891 850 1960 sedetiam

65 1975 89 2012 ιιι
98 1961 154 2020 eliis
163 1968 336 2026 desiderium
347 1970 408 2026 eina
419 1970 553 2026 excitans.
583 1969 674 2024 Honor
683 1977 775 2023 autem
786 1964 848 2028 luit,

64 2038 129 2103 quod
140 2037 174 2117 [Ἴ
184 2045 265 2116 prius
274 2044 358 2102 dixit.
397 2043 533 2112 Quoniam
547 2044 619 2098 visio
629 2052 671 2098 est
679 2041 791 2099 nuditus
801 2041 849 2111 (ct.

66 2111 212 2192 nuditatem)
227 2129 254 2176 et
268 2120 364 2176 velum
378 2119 507 2193 detegere
521 2127 635 2177 naturae
649 2117 773 2175 etoculis
784 2133 850 2174 acu-

67 2191 108 2246 lls.
121 2193 167 2260 qui
177 2195 599 2259 suntseoundumintelleetum‚
614 2193 767 2264 incorporei
781 2207 851 2262 quo-

68 2274 113 2326 qne
125 2263 234 2323 luminis
246 2271 453 2341 perceptionem
466 2269 501 2324 ad
512 2277 614 2324 certam
628 2267 851 2340 comprehensio-

70 2347 122 2390 nem
134 2342 362 2403 circumducendo
376 2346 502 2401 invenire
517 2345 672 2418 graviorem
688 2343 852 2416 promissio-

70 2421 134 2477 nem.
161 2433 230 2489 quae
251 2420 405 2476 secundum
428 2419 633 2492 philosophiam
652 2418 779 2490 percellit
796 2414 851 2498 (vel

72 2489 174 2564 superat)
184 2495 321 2553 ratiocinii
330 2494 432 2552 ideam.
472 2497 591 2552 Necesse
600 2496 676 2552 enim
685 2501 741 2554 est.
760 2500 791 2544 ut
800 2505 849 2572 qur

73 2569 132 2616 ecoe
145 2567 194 2622 scit
206 2580 350 2642 potestque
366 2570 598 2642 comprehendere
617 2570 740 2628 animuS,
767 2564 852 2647 lumi-

73 2645 127 2689 ⁰⁰⁸0
136 2644 245 2700 consilio
255 2647 339 2700 etiam
349 2647 453 2701 ratione
464 2646 540 2700 illico
550 2645 635 2699 simul
646 2635 753 2715 [possit]
763 2652 853 2688 comr-
870 2711 875 2719 δ

77 2718 137 2775 ⁰⁰¹0,
156 2718 290 2775 utlaetum
305 2730 355 2775 est.
602 2791 623 2840 F
634 2791 648 2818 a
