2050 3100
173 117 224 174 212
304 121 400 168 ratu.
420 119 837 178 1u1>‚QuABsT.1thon.
861 115 971 185 [ustus]

174 223 272 296 digne:
297 221 357 276 Non
370 227 448 293 pater
457 237 500 276 me
510 218 725 284 muuieiabitur,
744 219 795 276 sed
804 238 851 290 spo
859 226 971 278 maheti-

172 303 279 352 eta'oaem
291 313 370 365 saper
382 313 421 349 aaa
435 299 570 363 inducam
592 312 657 350 uem
669 295 722 350 etsi
731 295 812 350 sileat
820 296 970 368 quiescens

171 370 281 444 pulchri
296 371 395 425 amoris
410 367 446 444 [*]
462 370 491 424 in
510 387 555 424 me
574 377 699 441 aspectu,
720 387 782 424 mea
800 373 970 430 conscientia

171 463 225 502 nou
244 445 338 500 minus
362 443 583 515 deprehendatur
605 461 637 498 ae
659 446 796 516 vituperio
814 445 966 512 subiaceat,

171 522 251 592 qumi
261 536 326 575 vero
335 518 443 576 {acinus
455 518 649 575 maledietioue
658 518 778 592 dignum
785 518 938 576 effecerim.

174 658 253 718 Quare
270 676 361 710 sumena
377 659 488 712 &baeu
504 660 590 710 moiun
602 659 672 710 Em
680 659 817 724 pulchram,
839 679 905 726 pm
917 675 967 712 erut

291 728 397 792 spudeo
415 728 489 790 domi,
512 727 697 778 Mamaeam
714 732 768 792 (tt,
781 733 834 792 15.)

223 827 281 884 ΞΜ.
307 823 408 882 Littera
422 823 537 882 evidens
552 834 593 882 est
608 825 796 898 insignisque,
816 834 848 881 ut
860 843 913 900 per
926 838 967 884 to-

169 918 232 977 gam
247 902 307 974 ipse
320 909 475 974 putaretur.
491 901 572 974 qumi
582 897 704 970 adesset.
720 900 770 972 qui
780 899 885 958 aberat.
924 904 966 960 dd

169 985 289 1034 mentem
302 993 367 1034 vero
380 974 523 1050 improbus
532 976 616 1031 aliam
626 975 708 1030 hahet
717 984 808 1048 togam
818 986 965 1050 vestesque

169 1049 284 1118 multas.
305 1051 409 1128 quibus
423 1068 454 1108 se
468 1051 602 1126 contegit.
620 1068 685 1106 uam
697 1049 834 1106 subdolus
851 1054 966 1110 molitur

175 1203 429 1214 ...mam—...-

168 1300 219 1356 ait:
244 1297 395 1367 Nequam
405 1299 563 1363 maducat
576 1286 752 1356 mamistam,
771 1298 901 1364 quamvis
917 1298 965 1353 iiia

167 1389 216 1444 pro
228 1371 381 1426 visceribus
391 1371 446 1442 piis
456 1369 587 1440 quiverit,
602 1385 636 1422 ne
647 1366 714 1422 forte
724 1369 894 1425 conscientia
903 1389 963 1426 mea

166 1445 288 1518 pulsata,
304 1445 358 1499 tale
368 1443 475 1515 aliquid
485 1444 602 1516 aecipiat
612 1443 764 1500 incusando
772 1453 888 1511 memet,
903 1454 963 1501 tan-

82 1515 95 1530 ’“
166 1536 250 1593 quam
260 1520 357 1577 merita
366 1517 523 1575 maledictio
532 1527 652 1591 paretur.

202 1658 283 1719 Quare
299 1660 391 1724 maspit
411 1656 523 1710 Reimea
541 1660 626 1711 madan
646 1659 716 1711 Essa
736 1653 834 1724 denam,
867 1679 931 1726 que

245 1737 297 1779 emt
314 1726 382 1791 apud
397 1726 474 1791 ζωαι
491 1727 516 1777 ia
532 1727 616 1788 dem,
641 1738 665 1779 at
681 1730 774 1780 mtied
790 1728 884 1779 luced?

219 1832 279 1885 203.
299 1827 439 1900 Scriptura
448 1828 520 1884 niara
529 1836 585 1893 est,
598 1827 665 1884 dum
675 1845 725 1902 per
734 1830 845 1893 stolam,
857 1831 908 1901 qui
919 1833 962 1885 vi-
1003 1825 1005 1888 ,¹

165 1904 246 1959 detur
259 1902 371 1968 absens,
389 1912 521 1975 tanquam
535 1905 665 1960 assistens
680 1913 732 1960 est·
770 1904 840 1960 Vide
851 1905 961 1961 intelie-

165 1986 210 2035 ctu
219 1994 285 2033 vem
294 1978 403 2034 subtili.
428 1980 468 2035 lta
477 1994 580 2053 pravus
590 1978 659 2034 alias
668 1980 751 2035 stolas
762 1978 845 2034 habet
856 1996 888 2033 ae
896 1981 961 2051 piu·

164 2055 234 2109 rima
251 2055 428 2119 vestimenta,
448 2054 552 2126 quibus
567 2063 598 2110 ut
613 2054 732 2109 callidus
749 2056 829 2127 signa
842 2055 959 2109 iniuria-

164 2146 226 2185 rum
245 2129 352 2185 occulta
369 2130 466 2193 habet,
479 2134 582 2185 'tamen
600 2137 631 2185 ut
644 2147 728 2184 unam
744 2128 844 2185 honam
863 2130 957 2185 stolam

164 2204 325 2261 sensibilem
336 2215 365 2261 et
378 2206 581 2263 ostentatorum
594 2222 739 2261 censuram
755 2218 805 2276 pre
823 2204 958 2261 industria

164 2296 253 2353 usque
264 2279 299 2335 ud
308 2280 438 2346 verbum,
454 2297 539 2353 quam
547 2298 584 2337 ex
593 2281 697 2337 Musica
708 2280 859 2351 disciplina
867 2280 959 2335 imbu-

85 2384 88 2389 ·
164 2365 209 2412 tus
219 2356 327 2428 placare
337 2356 460 2422 festinat,
479 2374 534 2412 nnn
544 2373 627 2412 unam
638 2355 733 2428 (ωας.
745 2355 901 2427 numanam)
911 2372 958 2411 na-

164 2440 253 2489 turam
262 2432 382 2505 perfecte
390 2433 480 2489 malus
489 2439 545 2496 est,
565 2431 615 2487 sed
626 2432 711 2487 etiam
718 2430 957 2487 eontrarietatibus

163 2516 329 2579 temperatus
348 2509 469 2565 iustitias
486 2516 515 2563 et
532 2507 686 2578 iniquitatis
697 2507 873 2563 documentis
887 2504 957 2560 infa-

164 2583 280 2638 mineat
298 2584 504 2641 benevolentiae
521 2582 688 2653 optimorum
704 2589 732 2636 et
749 2581 886 2637 malorum
897 2595 956 2637 esst

165 2656 286 2711 virerum
303 2658 398 2731 (arm-p.
413 2656 529 2729 virum).
552 2656 603 2727 qui
622 2656 789 2713 mediocrius
807 2654 953 2728 delinquit·
