2050 3100
151 116 200 171 tta
394 122 512 169 raino
535 120 704 169 moseos
837 118 881 184 [ιι
896 121 957 186 aar]

150 221 286 279 mandatis
301 224 445 295 accepisti,
463 220 639 295 praedicasti.
677 222 735 295 Ego
749 238 812 278 sum
828 223 956 295 impera·

150 307 191 353 tor
201 296 356 363 absolutus.
371 299 422 371 qui
436 299 526 353 minas
535 297 642 353 adillos
653 296 719 353 ieci:
738 312 790 369 ego
800 302 956 355 auctorita-

150 382 204 429 tem
215 372 350 428 habebam
359 382 387 428 et
398 373 487 445 legem
496 371 567 427 ierre
577 381 605 427 et
615 380 728 435 vertere,
743 379 827 441 atque
838 382 956 429 senten-

149 448 215 502 tiam
234 449 329 502 mortis
346 456 465 514 mutare3
490 448 602 503 mittens
620 455 647 501 te
665 447 693 501 in
714 445 955 517 praedicationem

149 522 295 585 veraciter,
321 538 379 576 rem
393 522 422 576 in
439 521 619 595 benignitatis
633 529 733 577 statum
747 529 861 577 vertens
875 540 954 579 com—

149 597 263 652 mutavi.

203 721 246 776 tt.
269 720 435 786 veruinast,
457 720 532 793 quod
541 738 596 776 non
607 728 695 792 potest
704 735 838 793 umquam
848 737 951 797 corpus

148 794 302 869 transgredi
312 794 393 851 finem
403 813 486 851 suum
496 796 721 859 determinatum,
739 795 873 867 qnoniam
888 798 949 851 eius

148 871 338 944 transgressio,
347 880 513 926 caeterorum
525 871 577 925 loci
587 869 729 924 dominum
739 878 871 943 usurpat:
879 888 949 925 non-

148 963 183 1001 ne
198 954 224 1000 et
236 963 331 1001 omnes
345 955 484 1001 creaturae
497 946 640 1018 proprium
654 940 715 999 sibi'
724 943 884 999 ordinatum
898 946 947 1000 ha·

148 1020 214 1076 bent
224 1018 327 1078 situm?
349 1021 474 1076 Attamen
489 1038 576 1093 quum
589 1036 684 1075 omncs
700 1016 736 1094 [*]
756 1019 824 1075 fines
839 1022 947 1149 proprii

148 1098 204 1153 sint
214 1098 295 1152 unico
306 1096 435 1169 imperio,
454 1098 500 1150 cui
513 1111 645 1165 umquam
659 1092 790 1149 damnum
805 1093 877 1151 ierat
900 1112 947 1150 oco

149 1180 195 1226 aut
210 1173 290 1227 cuius
304 1172 409 1226 domini
424 1170 492 1225 fines
506 1170 644 1233 detrahat,
660 1170 710 1241 qui
722 1169 850 1241 proprios
860 1179 947 1225 mutat

149 1247 226 1312 fines,
239 1256 270 1302 ut
278 1248 356 1318 prius
365 1247 470 1301 dictum
480 1244 539 1301 esti
548 1244 682 1312 Quoniam
692 1245 741 1315 qui
750 1252 804 1299 stat
814 1261 829 1298 a
840 1246 947 1315 princi·

148 1322 208 1393 pio,
225 1322 269 1377 sui
285 1321 401 1377 dominii
410 1321 493 1376 babet
501 1320 627 1383 notitiam
637 1328 750 1387 certnm3
767 1318 945 1390 quodantem

148 1396 321 1467 postmodum
340 1415 357 1451 a
376 1404 543 1451 caeterorum
561 1393 664 1449 finibus
684 1402 779 1449 mutuo
799 1395 943 1466 accipitur,

148 1472 230 1525 sortis
240 1481 281 1526 est
291 1472 436 1543 acquisitio
450 1470 489 1543 (at
498 1467 686 1542 conquistatio).
723 1466 801 1534 Quod
816 1468 842 1522 si
854 1470 892 1523 ita
903 1487 945 1523 res

148 1544 283 1609 sehabet,
300 1545 347 1600 bic
359 1563 469 1618 quoque
482 1562 568 1619 quum
578 1542 633 1600 duo
642 1543 733 1600 adsint
742 1543 826 1598 unius
837 1543 944 1599 domini

148 1619 230 1683 fines,
247 1621 459 1692 praedicationis
470 1622 593 1676 veritatis
604 1629 631 1675 ct
639 1618 826 1675 Ninivitarum
833 1619 942 1683 salutis,

148 1694 239 1758 iilam,
251 1712 322 1766 quae
333 1713 367 1750 ex
377 1697 490 1750 veritate
499 1694 712 1768 praedicationis
722 1702 763 1748 est
773 1693 848 1759 laus,
861 1695 891 1749 in
901 1712 944 1749 sa-

149 1769 215 1824 lutis
225 1770 345 1824 civitatis
355 1771 521 1826 commutari
535 1771 699 1826 encomium.

167 1891 944 1966 48.Sediortequidopponasdioensmpropbeta:thuid

148 1984 208 2023 meo
222 1985 290 2022 usus
304 1985 334 2023 es
347 1967 465 2039 pudore,
487 1976 514 2024 et
523 1987 612 2027 meam
623 1971 745 2044 linguam
755 1969 784 2022 in
795 1966 943 2024 falsitatem

85 2078 89 2084 -
147 2043 268 2108 movisti,
281 2059 370 2115 exque
380 2061 441 2098 meo
450 2045 597 2117 opprobrio
605 2053 746 2100 assecutus
756 2059 785 2098 es
794 2041 943 2098 honorem?

148 2117 190 2172 Ad
200 2118 252 2172 hoc
261 2119 331 2174 scito
340 2117 435 2174 referri
445 2119 594 2176 dictionem
604 2129 690 2176 tuam.
707 2116 943 2191 Egotibipersua·

148 2192 228 2258 debo,
241 2193 405 2267 opropbeta,
417 2192 942 2266 quodetporiclitantessalvavi—haec
996 2237 997 2250 ,

148 2269 223 2324 enim
233 2277 290 2324 erat
299 2287 360 2324 mea
369 2270 592 2334 voluntas-‚et
601 2279 647 2326 tuo
656 2269 761 2340 pudore
771 2265 806 2322 ad
816 2265 869 2322 boc
879 2284 941 2339 per-

147 2343 297 2400 ficiendmn
315 2363 369 2400 non
389 2361 452 2400 sum
470 2363 548 2400 usus.
586 2343 725 2416 Agedum,
755 2341 848 2418 relege
865 2349 941 2396 tuam

146 2419 392 2488 praedicationem
411 2418 482 2475 hanc
497 2421 571 2474 enim
585 2416 777 2474 demonstrabo
790 2417 843 2471 tibi
858 2415 940 2471 mini-

146 2508 191 2546 me
201 2493 303 2548 laasam
313 2493 409 2549 fuisse.
447 2497 537 2550 Adbuc
551 2503 602 2549 tres
616 2498 682 2557 dies,
697 2503 721 2550 at
733 2493 827 2548 Ninica
836 2495 940 2546 subaer-

146 2573 290 2634 aeternos.
301 2577 325 2636 3,
336 2575 372 2634 4).
395 2569 490 2638 Nonne
500 2569 552 2622 boc
563 2576 612 2632 est,
623 2567 698 2639 quod
708 2563 892 2640 praedicasti-‘i
910 2565 942 2620 Si

145 2638 239 2708 itaque
253 2659 307 2695 non
322 2651 363 2696 est
377 2642 509 2698 subversa
526 2659 616 2714 neque
630 2651 734 2698 munta
751 2640 787 2698 ab
807 2639 942 2712 improbis
960 2709 961 2718 χ
996 2655 997 2660 ’

961 2731 965 2785 i

957 2790 984 3064 i
