2050 3100
145 189 177 241 ae
264 193 364 237 rnre.
384 188 458 235 runi
479 190 641 248 Qunusr.
661 190 711 234 un
735 191 813 234 son.
829 185 946 252 [runa]
1023 248 1024 252 Ἰ

144 310 222 349 suam
232 295 262 346 in
273 291 377 346 mundo
386 290 595 363 pervigilantar,
608 299 689 362 atque
700 290 805 346 lumine
815 291 947 347 umbram
1023 281 1024 290 ¹

144 369 283 424 nesciente
302 383 334 422 ac
352 367 424 421 lucis
443 366 567 437 speciem
585 364 755 437 praeferente
770 366 946 424 circumduci
1023 372 1024 400 r

143 453 174 499 ut
188 443 306 498 fulmine
320 450 493 506 coruscante,
516 441 647 513 magistro
663 459 694 495 ac
708 439 778 496 duce
789 455 875 496 usum
890 441 947 496 deo
1023 445 1024 478 ἒ

144 518 179 574 ad
193 514 467 589 comprehensionem
486 517 620 570 scientiae
634 517 759 580 amium,-
774 515 946 573 adrodden-
1017 519 1024 552 'f

143 595 248 664 dasqae
260 593 390 646 rationes.
1022 595 1024 614 ¹

197 677 946 754 Disyllabumigitnrnomchdhrcminterprctatarpa-
1023 739 1024 742 Ἴ

144 765 183 809 ter
202 757 344 817 excellens,
367 754 403 808 oh
423 753 553 808 sublimis
572 753 686 808 rationis
701 751 901 824 (astronomiae)
917 762 946 807 et
1023 743 1024 778 ³

143 829 352 892 mathematicae
371 828 619 894 nomenclaturam
653 826 830 900 trisyllabum
851 833 945 885 autem
1023 822 1024 856 ³

105 934 109 949 ι
143 907 274 958 Abraham
288 899 455 974 interpratur
469 906 546 970 puter
563 902 657 956 electae
674 905 762 970 celtus,
778 898 945 976 [iq-'virise
1023 898 1024 930 l

143 979 246 1049 pientis
257 978 473 1041 nomenclatura.
492 979 562 1031 Nam
573 976 641 1031 echo
651 976 682 1030 in
694 975 775 1030 nobis
785 974 944 1047 q'uid'aliud
1023 971 1024 1006 ³

144 1061 198 1116 cst,
225 1054 281 1107 nisi
295 1051 496 1109 sonitus‘verbi
510 1051 624 1123 prolati,
648 1066 698 1122 pro
717 1067 772 1122 quo
790 1058 818 1105 ct
836 1050 944 1122 instru-

143 1136 267 1182 mentum
286 1147 300 1183 a
322 1129 418 1183 natura
437 1127 625 1181 constructum
644 1143 693 1196 per
713 1125 807 1180 tubam
822 1127 944 1197 gutturis
1023 1123 1024 1152 ³

143 1220 264 1258 crassam
278 1202 394 1267 dictam,
414 1201 469 1257 una
485 1201 549 1256 c'ilm
565 1217 611 1256 ore
622 1207 648 1255 et
659 1200 764 1272 lingua.
802 1201 944 1254 Paterau-

142 1287 199 1340 tem
218 1280 281 1335 talis
299 1281 360 1334 soni
381 1287 424 1337 est
441 1277 718 1340 incitamenque,
744 1283 771 1332 et
784 1275 943 1336 intellectus
1023 1279 1024 1300 ³

143 1343 573 1424 electusnirtutepraedituseat.
599 1349 792 1416 ,concauam
801 1351 941 1422 proprius,

143 1427 289 1483 familiaris
308 1427 487 1485 coustumiis
502 1435 579 1496 pater
593 1425 785 1496 vcrhiprnlnti
800 1441 879 1483 meus
894 1428 940 1489 sit,

142 1508 231 1571 patet,
252 1501 318 1571 quia
332 1501 404 1571 patri
417 1499 561 1571 proprium
567 1501 752 1573 cstgenuims
762 1508 789 1563 ct
798 1501 916 1567 verbum
927 1519 942 1556 s

142 1575 375 1635 mentenmmur.
394 1575 453 1633 :Pro
463 1574 568 1632 indicio
577 1576 630 1631 erit
640 1584 722 1641 certo,
733 1575 818 1648 quod,
830 1575 943 1647 quando
1023 1586 1024 1591 ’

142 1648 442 1713 moveturaconsiliis,
453 1658 555 1714 ,sunau
573 1650 635 1709 istis
646 1659 737 1713 autem
748 1650 943 1711 deficientibus

143 1733 242 1780 cessat.
272 1726 375 1779 ‘Testes
389 1733 455 1782 sunt
468 1724 592 1783 rhetores
606 1734 633 1782 at
645 1726 804 1799 philosophi
815 1726 943 1789 habitum

143 1800 360 1855 demonstrantes
369 1798 546 1870 perobiecta.
585 1802 616 1855 ln
631 1810 764 1872 quantum
778 1802 854 1863 anim
863 1819 944 1859 mans

142 1873 215 1929 foras
230 1873 287 1927 edit
301 1874 393 1945 capita
406 1874 589 1947 singulosque
604 1884 751 1947 apparatus
765 1878 795 1931 in
805 1894 836 1933 ae
845 1894 944 1933 recon-

143 1949 215 2003 ditos
224 1949 353 2019 producit
362 1948 397 2005 ad
406 1949 520 2008 modum
533 1950 690 2023 geniturae,
710 1959 776 2015 tuuc
788 1960 816 2007 ct
825 1952 944 2012 verbum

142 2022 231 2078 llucns
246 2023 329 2078 fantis
344 2025 430 2080 instar
445 2024 532 2081 fertur
545 2026 574 2080 in
589 2027 669 2082 aures
683 2025 851 2084 adstantium
865 2026 946 2086 volut
1023 2042 1024 2067 1

142 2099 363 2169 inreceptacula3
380 2100 702 2171 quandoverodeticiant
712 2100 790 2174 (illa),
803 2110 829 2157 st
838 2100 945 2173 (ipsum

142 2172 263 2246 quoque)
274 2174 345 2229 ultra
355 2190 411 2232 nou
419 2176 508 2246 possit
518 2192 578 2235 scae
587 2175 684 2240 edere,
706 2177 826 2247 quiescit
839 2184 945 2233 cessat-

141 2264 197 2317 que
205 2248 287 2306 etiam
299 2250 407 2306 sonitus
417 2258 448 2305 ut
456 2267 472 2304 a
481 2250 560 2308 nullo
570 2262 729 2321 percussus.

197 2340 278 2393 Nunc
292 2356 357 2413 crgo
371 2355 438 2411 num
452 2341 547 2405 vohis,
567 2358 583 2396 o
598 2342 674 2413 pleni
689 2342 832 2412 saturique
842 2356 945 2411 super-

141 2411 196 2468 llua
216 2414 394 2485 loquacitate,
418 2417 530 2471 vacula
546 2418 681 2488 sapientia
692 2415 846 2478 ·homincs,‘
862 2415 944 2469 vide-

141 2498 221 2544 turne
231 2489 335 2544 donum
345 2492 415 2545 mari
425 2492 510 2546 unius
525 2488 653 2546 elementi
667 2490 770 2555 tuisse,
790 2506 859 2561 quo,
883 2506 944 2543 me-

141 2563 234 2619 diante
248 2564 352 2629 littera,
374 2566 486 2621 divinae
500 2566 612 2620 virtutis
625 2566 777 2636 sapientiae
785 2564 890 2637 dignus
900 2570 944 2617 cst

141 2637 413 2712 effectus(sapiens)i
436 2656 491 2710 qua
500 2640 601 2693 melius
612 2640 685 2693 nihil
694 2647 736 2693 est
746 2640 775 2693 in
785 2647 877 2693 nostra
893 2654 944 2692 na-

139 2720 214 2776 tura,
235 2714 301 2785 quia
313 2732 364 2787 pro
371 2714 488 2775 sublimi
500 2712 654 2767 eruditione
664 2711 865 2786 (astronomiae)
876 2728 944 2767 con-
