2050 3100
169 183 202 233 aa
232 182 668 242 rurn.1nn.Quansr.nr
691 182 769 227 son.
790 176 973 245 [notorie]

169 285 204 361 [*]
218 287 261 340 vel
273 285 387 340 formam
403 302 437 338 ex
451 292 593 357 prototypo
608 284 652 338 vel
667 292 914 354 temperamentum
932 303 974 340 ex

166 378 235 433 puro
249 376 379 431 meroque
398 360 509 413 unicam
524 359 656 413 laetitiam
666 358 675 429 (
680 358 725 413 vel
739 358 973 433 beneficentiam)

166 435 349 508 praeferente,
370 452 457 506 quum
467 436 606 507 generatio
616 436 653 489 sit
662 433 785 505 duplicis
797 435 917 488 numeri.

221 593 302 651 Quare
315 592 439 643 Abrohom
451 610 499 642 ene
511 610 566 724 popel
571 594 605 641 eia
612 593 781 723 pque'eboter,
799 593 928 641 ooma'tanr

470 677 508 709 eoa
569 668 595 723 8,
607 668 617 710 l
639 697 646 709 .

222 768 265 821 20.
295 764 397 817 Littera
416 763 595 817 humanitatis
612 763 783 817 demonstrat
801 762 970 833 amplitudi-
1012 759 1015 766 ’

167 856 244 904 nem,
265 839 396 909 queniam
413 854 468 893 non
485 838 657 893 solummodo
670 839 777 902 omnia,
796 854 868 909 quaa
881 836 970 892 deee-

167 910 250 979 bunt,⁴
269 922 324 969 tota
344 930 408 973 cum
427 912 533 968 familia
550 915 735 985 praestiterat,
762 929 861 971 verum
880 914 969 967 etiam

167 990 247 1061 quasi
261 1006 342 1062 aegre
357 988 462 1044 ferebat
475 988 509 1043 ab
525 988 566 1042 eis
580 990 715 1059 separari,
736 990 775 1043 ita
786 997 820 1043 ut
833 1004 968 1059 perseve-

167 1073 238 1119 raret
251 1065 303 1120 iter
317 1082 381 1119 oum
395 1066 435 1137 eie
450 1064 549 1119 faeere.
589 1064 667 1119 Unde
685 1072 712 1117 et
730 1072 821 1135 poeta,
842 1071 873 1117 ut
892 1064 968 1117 mihi
1021 1075 1022 1084 ¹

167 1140 290 1205 videtur,
317 1140 469 1213 accipiens,
490 1138 643 1211 opportune
659 1138 777 1211 dixit*):
797 1138 905 1206 Oportet
918 1142 967 1193 te
1021 1155 1022 1160 ¹

165 1222 255 1285 opttem
267 1222 406 1271 oertteetem
420 1232 507 1270 oreore
519 1219 654 1283 prosequi,
674 1216 797 1268 eotuttetn
808 1223 895 1267 aetem
908 1218 967 1268 dio·

167 1298 253 1355 cedere
267 1296 413 1347 dimittere..
444 1290 585 1345 Caeterum
600 1288 701 1344 melius
715 1295 757 1342 est
770 1288 819 1343 illo
835 1292 967 1343 dimittere

165 1354 241 1421 istrid
256 1370 380 1419 dedecere
394 1364 448 1440 (vel
468 1363 610 1435 conaturi),
636 1372 666 1418 ut
683 1364 771 1435 magis
791 1380 966 1429 communem

166 1459 197 1494 ae
217 1441 376 1494 unanimem
399 1440 527 1494 indicans
550 1439 682 1494 indolem.
732 1438 836 1493 Verum
858 1446 967 1509 oportet

166 1523 196 1570 ut
210 1514 377 1584 etiam‚quee
392 1514 426 1568 ad
440 1522 562 1568 mentem
575 1515 742 1588 respiciunt,
764 1530 818 1568 non
835 1513 967 1568 omittan-

165 1599 219 1643 tur.
260 1585 405 1659 Siquidem
414 1605 502 1658 quum
512 1591 597 1644 semel
608 1589 843 1662 sapientisanima
852 1590 968 1660 appari-

165 1663 397 1734 tionemreoipiat
410 1663 455 1717 dei
468 1665 658 1735 virtutumque
673 1666 746 1728 eius,
769 1663 900 1734 impletur
914 1663 968 1717 de-

166 1739 268 1794 siderio
282 1738 346 1801 tali,
372 1746 402 1792 ut
422 1755 501 1811 aegre
521 1739 566 1794 vel
580 1757 723 1812 nunquam
743 1739 865 1810 separari
883 1737 965 1793 velit.

167 1813 197 1868 Si
213 1813 285 1868 adsit
299 1821 326 1868 et
339 1823 508 1884 perseveret,
532 1814 625 1870 adorat
639 1824 666 1870 et
680 1815 806 1869 detinens
823 1813 965 1885 possidet:

166 1891 189 1942 si
206 1905 270 1942 vero
286 1887 422 1952 discedat,
448 1906 513 1960 prae
532 1889 669 1944 desiderio
686 1892 828 1960 sequitur,
855 1889 967 1944 viseum

166 1981 197 2018 ao
208 1963 409 2018 cohaerentiam
420 1964 449 2018 in
461 1981 491 2018 se
506 1964 612 2020 habens
627 1965 772 2019 caelestem
787 1964 966 2019 anxietatem.

165 2041 225 2093 Non
245 2038 319 2092 euim
339 2037 562 2098 frustra.diotum
581 2049 623 2096 est
639 2039 710 2095 iliud
724 2043 895 2108 prodiebotnr
908 2057 969 2094 eum

165 2117 232 2177 illis,
265 2113 314 2168 sed
337 2113 371 2168 ad
391 2116 533 2170 certiorem
555 2115 767 2170 declarationem
787 2113 967 2170 adhaesionis

165 2188 316 2244 virtutibus
325 2189 425 2260 patrm,
447 2207 516 2262 quas
529 2207 620 2261 neque
634 2188 774 2245 modicum
787 2189 885 2245 abesse
899 2206 967 2244 oon-

165 2271 267 2317 stanter
279 2271 400 2318 noverat.

204 2421 240 2488 [³]
264 2419 344 2479 Quare
354 2422 422 2472 dicit:
439 2459 457 2487 7,
463 2421 521 2472 Non
532 2423 674 2475 abscondam
683 2425 715 2472 ab
724 2422 849 2472 Abraham
857 2440 927 2471 savo

330 2507 390 2552 meo,
411 2491 475 2554 quod
483 2507 527 2555 epo
538 2507 623 2554 operor
631 2493 662 2537 “t
680 2496 733 2553 (18,
746 2492 798 2550 17.)

221 2597 264 2648 at.
286 2591 570 2654 Ofelieemanimam‚
586 2591 876 2670 ouinaturametilla,
893 2609 966 2662 quae

165 2691 375 2702 ——.-—

216 2729 237 2778 ⁴)
252 2731 315 2770 Hom.
330 2730 407 2781 Odyse.
422 2735 452 2778 15,
463 2735 494 2772 74.
