2050 3100
181 119 231 174 268
311 123 407 169 rnrn.
421 122 495 167 run.
510 121 672 179 Quanam
686 121 736 166 nn
753 120 831 166 aon.
866 116 907 182 [n,
918 121 991 185 rat}

181 221 290 294 (pater),
307 222 392 292 priori
402 221 455 276 soli
465 219 579 293 (laceb),
595 229 627 274 ut
636 228 754 291 utroque
762 223 875 276 nomine
888 241 919 278 se
935 243 989 279 vo-

180 305 236 360 cet,
253 296 378 352 etlilium
388 304 415 350 et
424 296 653 368 primogenitum,
672 295 722 349 ille
735 297 785 367 qui
798 296 962 369 probitate(
979 341 984 350 .

180 370 324 444 electione)
344 369 492 425 distinctus
511 369 575 424 tuit.
620 369 683 424 Tibi
700 386 766 425 uero
780 386 835 424 non
848 371 933 426 detur
951 374 987 427 li-

180 446 269 500 centia
290 463 326 500 ex
344 445 474 516 superbia
493 453 521 500 et
540 445 696 516 arrogantia
709 445 813 499 similia
827 445 988 518 eademque

180 519 307 586 dicendi,
322 520 453 592 quoniam
463 519 585 575 mendax
594 518 657 592 οὐ)
667 526 760 574 oontm
770 520 927 575 veritatem.

220 691 285 748 Quid
300 702 335 742 eat
351 691 477 755 „comedi
492 692 522 740 de
539 691 657 753 omniloa,
681 700 809 754 antequam
826 701 850 741 tu
868 693 947 744 intra·

467 762 545 810 rere
563 761 618 824 (at,
635 760 690 818 aa.)

234 883 294 936 225.
324 880 427 934 Littera
446 879 563 934 evidens
581 886 633 933 est.
672 876 715 933 Ad
734 885 854 933 mentem
875 897 944 951 vero
959 889 985 934 et

179 954 269 1009 anima
280 955 335 1010 viri
349 954 430 1026 probi
444 953 584 1010 uniuersis
600 949 637 1026 [Ἴ
653 951 734 1006 bonis
749 951 865 1016 fruitur,
887 955 983 1026 prius-

178 1045 262 1100 quam
281 1029 426 1084 intraverit
442 1029 472 1083 in
486 1045 548 1084 earn
561 1027 679 1082 alienata
693 1044 709 1080 o
721 1028 824 1083 virtute
838 1029 983 1100 cogitatio.

178 1103 293 1170 Quando
303 1105 378 1160 enim
388 1104 457 1159 haee
467 1103 580 1158 demum
589 1098 774 1174 ingredietur,
789 1102 928 1159 vinolenti
938 1107 983 1159 in-

178 1188 235 1234 star
242 1177 508 1252 histrionis**)bene
517 1177 686 1234 moderatam
694 1175 905 1248 ordinatamque
914 1197 984 1234 eon-

178 1255 334 1310 viventium
344 1254 549 1310 consessionem
557 1250 729 1308 oontundens
739 1251 878 1308 deturbat.

229 1395 250 1441 ¹)
264 1393 299 1433 Sic
312 1393 374 1434 codd.
388 1392 436 1442 OD,
450 1394 487 1433 nbl
500 1394 531 1433 A:
549 1396 611 1442 solco
623 1397 678 1433 unt.
703 1392 784 1434 Anch.

228 1460 262 1506 ¹¹)
277 1459 344 1500 codd.
355 1458 404 1499 OD:
422 1460 475 1499 Μ
487 1462 557 1500 testor
569 1462 712 1529 tatuetrotpr,
726 1462 763 1509 qm·
776 1461 825 1499 terre
834 1463 871 1500 ete.
897 1461 979 1501 Auen.

176 1679 338 1751 prophetam
352 1677 505 1733 secundum
519 1680 617 1735 merita
630 1681 793 1753 pignorum,
818 1680 977 1750 quaeritan·
1013 1701 1014 1706 ¹

176 1763 245 1821 tem;
267 1753 398 1823 quatinus
408 1760 435 1806 et
445 1752 519 1806 lilius
541 1765 568 1810 et
592 1756 794 1827 primogenitus
802 1754 975 1826 probaretur.

175 1829 252 1883 Alter
266 1844 331 1882 vero
346 1844 380 1881 ne
395 1828 564 1897 permittitur
578 1829 682 1883 similia
694 1829 848 1903 postulare,
866 1847 918 1903 pro
927 1846 977 1903 pe-

175 1902 292 1957 tulantia
302 1909 329 1957 et
339 1902 470 1974 superbio
479 1903 621 1959 sauciante
631 1905 786 1962 veritatem.

220 2072 301 2132 Quare
318 2074 390 2125 dixit:
418 2074 595 2194 „Mapducaoi
613 2077 775 2193 optarentne,
807 2088 935 2144 antequam

497 2161 513 2193 u
529 2160 621 2193 venereo

230 2264 290 2320 225.
302 2262 365 2317 Post
374 2262 589 2318 insinuationem
600 2263 727 2319 lectionis
737 2264 790 2320 hoo
800 2266 922 2337 emplius
932 2268 973 2320 iu-

174 2338 322 2411 telligitur:
346 2336 445 2392 Anima
464 2337 610 2409 prudentis
628 2340 753 2395 omnium
770 2338 873 2395 fruitur
890 2341 973 2395 bono-

174 2432 249 2479 rum,
272 2420 418 2485 antequem
432 2414 610 2485 superveniat
624 2422 753 2469 extranea
770 2416 903 2487 cogitatio
922 2431 972 2471 non

174 2492 262 2545 amica
272 2488 397 2556 virtutis3
414 2488 463 2543 ille
474 2488 549 2543 enim
559 2489 724 2546 insolentius
734 2498 906 2546 commeante
914 2492 971 2546 vioe

172 2565 307 2692 vioplenti
316 2564 461 2639 praeconis
470 2563 613 2636 placidum
622 2564 734 2621 scholae
741 2566 905 2623 eonvivium
910 2582 970 2623 oon-

172 2643 216 2692 tur
238 2647 274 2694 et.
