2050 3100
771 43 784 77 h

152 197 185 249 bl
232 203 331 247 PHIL.
350 202 425 247 IUD.
446 200 610 258 QUAEST.
631 200 680 244 ΕΤ
700 200 777 244 SOL.
790 194 965 261 [uerutum]

152 302 333 373 sequentibus
346 300 427 354 dicit:
455 309 634 367 corrumpetur
645 305 734 353 animo
746 302 808 363 illo,
827 314 885 354 nou
894 318 963 354 cor-

151 394 204 449 pus
216 377 368 429 humanum
381 383 426 429 aut
436 374 531 438 homo,
547 373 597 427 sed
607 380 696 427 enimc
705 380 732 427 et
742 391 830 427 meus.
859 374 962 429 Unde-

152 449 233 505 nam‘l
261 452 300 504 De
316 459 388 519 pente
406 450 443 502 ait
459 467 522 503 soc:
553 464 621 520 gens
635 448 708 501 enim
721 450 961 503 universainccr-

153 534 233 597 rupta
244 533 299 592 est3
319 540 384 595 ergo
394 524 429 577 ab
439 522 700 593 incorruptibilitate
709 524 739 577 in
749 525 959 595 corruptionem

152 600 238 655 fertur
257 614 370 671 pravus.

171 798 208 865 [i]
231 796 278 847 Cor
297 796 367 846 dicit.-
400 795 494 861 „Sara
515 812 576 845 maor
594 805 637 845 too
653 796 840 846 macerabitur
859 795 937 859 Suro,

270 863 314 911 sed
330 858 411 912 Samo
430 864 474 913 crit
492 880 574 912 nomen
594 862 683 911 eios“i
705 865 758 929 (17,
780 864 833 927 15.)

207 1003 250 1054 53.
276 1000 395 1053 Rursum
410 996 537 1053 nonnulli
552 1016 586 1053 ex
599 996 798 1069 insipientibus
812 996 959 1054 derideant

153 1074 236 1129 unius
258 1074 387 1129 elementi
410 1074 606 1168 appendicem,
629 1081 697 1145 puta
716 1073 866 1127 centenarii
881 1072 957 1144 (nam

154 1148 228 1221 apud
239 1149 356 1204 Graecos
366 1148 400 1213 ll,
413 1172 445 1224 ρ,
460 1157 571 1205 centum
580 1147 742 1222 significat):
762 1165 817 1219 quo
827 1147 958 1201 ludentes

155 1224 374 1290 hallucinantur,
396 1232 427 1279 ut
441 1224 565 1281 nolentes
578 1225 695 1279 interius
715 1224 845 1278 meritum
863 1239 958 1275 rerum

153 1300 311 1373 perspicere
321 1300 501 1371 veritatisque
512 1300 663 1371 vestigium
673 1306 775 1352 tenere.
795 1296 870 1351 Illud
881 1298 957 1351 enim

154 1374 331 1446 (elementum
344 1394 367 1439 r,
385 1377 433 1449 p),
454 1374 529 1445 quod
543 1375 627 1427 unius
641 1372 771 1426 elementi
782 1370 958 1426 additamen-

153 1459 213 1503 tum
227 1457 339 1521 putatur
354 1466 427 1512 esse,
444 1455 527 1503 totam
541 1446 712 1501 harmoniam
721 1446 832 1518 genuit:
853 1461 904 1516 pro
915 1455 958 1501 te-

154 1525 358 1598 numnquam,
372 1532 399 1578 et
407 1539 456 1596 pro
465 1521 625 1599 particulari
635 1519 773 1594 generale,
785 1528 812 1574 et
821 1536 871 1593 pro
881 1533 957 1577 mor-

154 1600 203 1656 tali
216 1599 369 1655 immortale
383 1612 508 1669 prorsus3
538 1597 670 1669 qu'oniam
678 1613 729 1667 per
737 1612 825 1652 unum
835 1607 956 1652 rvocata

155 1676 226 1732 Sora
236 1676 430 1746 interpretatur
440 1677 608 1741 principatus
620 1689 703 1736 meos,
724 1671 780 1727 duo
795 1680 886 1727 autem
899 1671 954 1745 (rr,

118 1804 121 1811 ,
156 1749 250 1824 Sarra)
267 1753 389 1818 princeps
408 1745 546 1820 (mulier).
586 1745 646 1813 Quo
665 1764 730 1821 ergo
749 1747 956 1822 distinguantur

155 1825 223 1879 haec
234 1838 288 1878 ase
298 1825 431 1884 invicem,
448 1821 620 1878 emendamus
630 1822 722 1877 liceat.
749 1823 780 1877 ln
790 1839 834 1878 me
844 1823 955 1894 sapien-

155 1901 192 1954 tia
207 1898 240 1972 (s.
251 1898 421 1970 prudentia),
443 1898 586 1970 integritas
600 1896 634 1970 (s.
649 1895 852 1971 temperantia),
873 1898 955 1952 iusti-

156 1975 194 2029 tia
204 1983 231 2029 et
240 1973 371 2029 fortitudo
380 1973 566 2044 principatum
576 1982 711 2044 usurpant
723 1974 753 2026 in
767 1989 811 2027 me
825 1969 913 2028 solum
928 1981 955 2027 et

156 2050 284 2108 mortales
298 2057 375 2103 sunt:
405 2047 577 2119 proindeque
591 2047 781 2103 moriente'me
789 2049 951 2102 moriuntur.

155 2125 228 2178 llaec
238 2132 329 2178 autem
338 2124 473 2196 sapientia
482 2125 544 2195 ipsa
558 2131 599 2178 est
613 2123 674 2194 ipse
688 2123 833 2195 princeps,
854 2124 953 2195 etipsa

156 2197 263 2253 iustitia
277 2200 406 2270 princeps
421 2199 495 2270 ipse,
516 2207 739 2269 etunaquacque
753 2198 951 2252 virtutemnon

157 2281 199 2328 est
213 2273 376 2346 principalis
390 2288 464 2338 mea,
486 2273 536 2328 sed
549 2273 610 2344 ipsa
621 2282 663 2327 est
672 2273 783 2328 domina
793 2271 950 2345 reginaque,
1018 2310 1019 2341 q

156 2346 319 2403 immortalis
332 2349 490 2404 monarchia
501 2365 668 2423 acregnum.
708 2345 805 2403 Viden'
816 2347 881 2403 doni
896 2363 951 2402 ma·
1018 2346 1019 2429 l

156 2423 350 2498 gnitudinem?
377 2423 538 2480 Permutans
553 2423 688 2488 convertit
700 2430 807 2495 partem
819 2423 849 2477 in
858 2431 949 2485 totum.
1018 2432 1019 2479 l

157 2500 280 2572 speeiem
304 2500 333 2554 in
357 2515 458 2572 genus,
492 2496 671 2570 corruptibile
698 2497 728 2552 in
754 2498 949 2570 incorruptum.
1018 2492 1019 2533 7

156 2575 229 2630 llaec
244 2583 334 2631 autern
348 2575 440 2629 omnia
454 2573 533 2645 prius
547 2573 743 2642 dispensantur
757 2582 869 2644 propter
881 2573 951 2627 lutu-

157 2667 215 2702 ram
232 2648 268 2725 [*]
285 2650 456 2704 nativitatem
471 2648 591 2702 laetitiae
609 2647 716 2702 cunctis
735 2647 846 2720 gaudiis
865 2646 950 2720 perie-

157 2725 265 2788 ctioris‚
289 2723 370 2777 cuius
385 2737 484 2776 nonren
499 2728 540 2775 est
553 2722 638 2774 lsaac.
