2050 3100
164 183 210 238 {78
329 189 452 236 INDEX
471 185 749 235 incitamentis
768 188 789 234 1.

161 308 230 358 Nihil
249 307 303 357 eine
319 308 416 370 ratione
430 320 485 356 ease
498 304 644 354 conceditur
657 319 674 352 a
686 305 774 352 nobis:
802 311 830 353 at
843 319 899 355 nen
915 256 966 304 m

195 375 300 440 proinde
308 375 395 424 licebit
403 385 523 437 quaerere
531 373 669 430 rationem,
689 385 754 434 quae
768 385 821 420 non
834 387 899 422 con·

196 444 283 493 condet
296 455 353 490 cum
364 441 466 489 vanitate
468 473 897 488 ...................................................
933 445 962 489 88

163 507 546 574 Superflnamnullaminveniae
555 511 658 554 naturae
669 512 767 568 partem
769 540 897 555 ...............
934 533 962 542 -

161 576 257 626 Natura
265 575 360 623 nullum
369 574 462 622 animai
472 573 556 622 effecit
564 573 631 620 hand
639 573 752 634 indigum
760 573 827 634 aliie,
838 575 897 622 nni·

195 645 246 691 lam
266 641 393 702 regionem
412 640 459 688 eibi
478 640 653 688 sufficientem.
687 638 768 687 Nemo
790 641 895 704 accipit,

195 709 255 770 quin
268 707 318 755 det.
354 705 435 754 Simul
448 714 516 755 etant
529 714 554 756 et
565 706 894 769 prodeeeeetproticere.....
931 712 958 756 90

161 773 246 825 Cauta
264 773 399 836 impietatis
418 773 532 836 voluptate
550 780 601 834 eet3
630 787 661 821 ea
679 773 747 820 cnim
761 787 829 835 quac
843 789 895 823 non

194 841 307 892 nutriunt
320 853 402 902 neque
414 841 525 890 ueniunt
533 841 626 888 ventrie
636 840 807 902 cupidinibus,
825 842 897 890 velut

194 907 298 958 minime
306 908 451 957 necessaria
459 908 604 956 incusarunt
612 907 695 969 impii,
710 908 754 969 qni
765 908 896 958 levitatem

197 990 268 1024 auam
276 982 439 1038 praesumant
447 975 473 1022 in
482 974 637 1022 divinitatem
645 974 726 1036 ipsam
738 980 893 1036 retorquere.
928 1001 956 1010 —

163 1041 245 1093 Omne
264 1055 489 1105 supervacaneum,
515 1040 661 1089 inconstans
679 1055 709 1088 ac
726 1055 861 1090 erroneum
879 1057 896 1091 a

195 1109 267 1159 caelo
280 1109 354 1172 longe
369 1108 501 1171 expulsum
515 1114 554 1156 eet
567 1108 628 1156 etin
636 1107 763 1156 enbiunari
772 1123 896 1172 pervaga-

195 1177 323 1239 turepatio
326 1210 893 1224 ....................................................................
927 1180 954 1223 91

161 1245 203 1293 Ex
215 1244 326 1292 hnmana
338 1243 508 1291 imbecillitate
521 1255 610 1290 ansam
626 1255 717 1305 capere
734 1244 894 1293 accusandae

196 1311 331 1360 divinitatia
340 1310 449 1360 maxime
458 1309 573 1371 iniquum
584 1315 630 1358 eet
634 1343 892 1360 ...............................
928 1314 957 1357 93

161 1379 247 1428 Deum
260 1379 325 1427 aicnt
338 1384 475 1426 creatorem
487 1382 634 1438 patremque
647 1377 720 1425 decet
733 1377 798 1426 acire
807 1378 895 1441 cingu-

195 1448 277 1494 lorum
290 1445 412 1494 retioncm
425 1457 522 1503 veram,
541 1443 684 1492 mortalium
697 1457 756 1492 vero
764 1445 894 1495 neminem

196 1511 489 1575 eaecqniphyeioiogiam
490 1543 893 1562 ................................................
927 1538 958 1548 -

162 1579 895 1642 Anteputeenoeproptermnndum‚ctnonpotinemun·
996 1567 998 1618 i

195 1646 255 1693 dum
264 1654 366 1708 propter
374 1660 420 1695 noe
431 1645 528 1695 factum
539 1645 633 1694 fnieeei
634 1679 891 1696 ...............................
927 1652 955 1696 98
994 1635 997 1709 i

162 1712 212 1762 Dei
227 1712 316 1760 electio
329 1714 423 1762 iudicio
437 1713 562 1763 hnmanae
574 1713 665 1763 mentia
679 1713 783 1763 omnino
801 1716 895 1764 certior

195 1785 242 1827 eet.
251 1812 892 1830 .............................................................................
913 1784 955 1830 112

163 1844 191 1896 Si
204 1846 311 1893 barbara
322 1858 384 1907 gene
398 1846 509 1897 abundat
519 1848 647 1897 ferocitate
656 1847 756 1910 frugum
765 1855 843 1911 atque
852 1863 893 1898 en·

195 1919 266 1975 perat
275 1912 439 1961 delectatione
447 1914 513 1963 vitae
523 1914 612 1975 felicia,
622 1921 691 1963 caret
698 1922 783 1964 tamen
793 1916 892 1977 sapien·

194 1980 261 2029 tibae
270 1978 338 2039 viria,
349 1982 615 2044 quorumsanegratia
622 1982 889 2032 factaenntalimenta.
911 1986 952 2031 lli

161 2048 192 2098 1n
210 2054 275 2096 terra
290 2047 358 2095 sicca
371 2048 469 2097 animno
483 2055 522 2098 eet
535 2049 636 2111 eapiene
649 2063 680 2097 ac
693 2050 789 2099 virmtie
803 2063 891 2099 amana

196 2115 271 2178 (dixit
281 2114 434 2179 Heraclitus)
438 2151 890 2166 .......................................................
914 2142 946 2153 -—

161 2182 257 2245 Vigiles
267 2189 292 2231 ct
302 2182 377 2231 sobrii
387 2182 552 2245 sapientioree
564 2189 622 2231 eunt
623 2216 889 2232 ................................
910 2188 952 2232 118

161 2250 345 2363 Reexiffiaedam
353 2250 418 2299 inter
427 2264 454 2300 ee
462 2251 601 2314 permixtae
609 2250 660 2298 vim
669 2264 741 2299 enam
752 2250 889 2300 evidentiae

195 2330 208 2364 e
246 2316 366 2366 'bentmss
369 2352 888 2366 ...............................................................
909 2323 950 2365 119

160 2382 245 2441 Patet,
259 2385 326 2445 quod
336 2385 397 2433 dene
406 2385 572 2433 humanatam
579 2398 746 2434 remmcnrae
755 2384 887 2433 attendit...
912 2411 946 2421 -

159 2446 223 2495 Mihi
233 2458 437 2513 sempertempue
447 2458 484 2501 cet
492 2451 699 2515 philosophandi,
720 2451 761 2501 cni
777 2451 887 2501 dedicavi

191 2514 268 2563 vitam
277 2529 359 2565 meam
369 2518 451 2565 studio
463 2518 589 2567 addictam
590 2553 887 2567 ....................................
907 2524 949 2567 12⁰

158 2576 284 2640 Interpres
298 2596 366 2641 eum,
386 2597 436 2633 non
450 2585 550 2633 doctor:
577 2586 600 2633 ie
612 2587 740 2649 propriam
758 2585 888 2635 scientiam

191 2644 280 2693 edocet
293 2648 370 2706 alios,
389 2650 432 2698 ille
447 2650 477 2698 ab
494 2650 549 2699 aliie
565 2652 651 2701 andito
663 2660 783 2718 percepta
800 2660 887 2703 exacte

189 2711 325 2760 memoriae
337 2714 420 2765 refert
424 2750 885 2772 ........................................................
902 2724 947 2768 125
