2050 3100
42 144 160 212 tutae]
249 150 318 198 arn.
336 152 386 198 nn
407 150 651 199 autumnus.
802 146 849 201 tta

43 251 166 323 auriga,
191 259 289 323 suapte
305 252 348 315 vi,
369 253 445 307 omni
463 269 525 306 oum
545 251 635 307 lurore
647 266 710 307 sese
724 261 849 325 regentes

43 325 215 398 satagebant
225 326 434 397 tendebantque
453 328 598 381 incursus
616 326 846 391 sollieitationem,

44 402 210 471 quasivero
217 401 252 455 ab
260 403 355 474 auriga
364 402 420 457 sibi
431 401 586 465 adhibitam
594 402 760 457 celeritatem
769 418 849 473 prae·

45 475 187 539 terentes,
209 493 263 530 una
277 493 341 531 oum
355 477 466 547 peritia,
487 476 526 531 ita
539 484 637 531 utnon
650 476 735 548 pedes
748 474 849 531 frustra

46 558 197 605 moverent
214 550 269 605 buo
286 552 355 607 illue
373 552 508 606 inutiliter
527 568 658 607 converso
677 568 773 614 eursu,
799 550 849 605 sed

45 625 147 697 potius
155 626 235 695 quasi
248 642 298 696 per
312 626 414 680 lineam
428 625 531 681 direote
545 634 697 691 currentes,
720 624 848 697 expedite

46 698 179 753 medium
192 708 315 755 tenerent
327 700 425 764 stadii,
445 716 481 754 ne
495 700 563 755 lorte
576 703 628 771 qui
637 710 698 771 post
707 718 737 755 se
748 717 849 771 seque·

46 775 169 838 bantur,
193 777 400 845 praevenientes
420 775 614 845 praeoederent
631 774 849 845 excederentquo

47 848 201 903 circulum.
215 850 254 904 Eo
262 867 327 905 vero
337 850 410 913 loeo,
420 849 472 903 ubi
482 849 564 903 multi
574 850 636 921 gyri
647 857 774 921 aguntur,
786 856 848 919 apte

47 922 251 995 eommodeque
269 942 300 979 se
319 932 454 980 vertentes
466 923 615 977 obviabant
629 923 706 986 aliis,
729 938 848 993 perpen-

48 997 145 1054 dendo
159 998 230 1053 illud
242 1016 365 1071 quoque,
386 1006 418 1053 ut
426 998 562 1075 circulum
571 997 685 1068 propius
695 996 848 1069 obtingeret

49 1084 128 1129 temo
137 1086 201 1127 oum
210 1090 281 1145 equo
291 1091 306 1129 a
317 1075 426 1129 sinistra
437 1073 599 1135 exsistente,
613 1088 648 1125 ne
657 1070 788 1125 videlieet
797 1086 849 1142 gy-

48 1166 102 1203 rus
110 1149 223 1203 maioris
232 1148 340 1220 periodi
350 1147 547 1221 largitudinem
556 1146 742 1217 relinquerent
750 1145 786 1209 ai,
798 1146 847 1214 qui

48 1231 116 1296 post
126 1223 266 1288 veniebat,
283 1232 310 1278 et
319 1224 443 1278 caeteris.

111 1330 154 1382 59.
178 1326 252 1395 Quid
266 1336 358 1384 autem
371 1327 521 1383 dicendum
531 1324 566 1379 ad
577 1341 621 1388 ea,
642 1339 713 1394 quae
723 1321 848 1377 referun-

19 1451 21 1474 ,
51 1413 101 1459 tur
110 1401 145 1457 de
154 1400 284 1459 ferociora
297 1403 423 1466 animali,
445 1418 544 1472 nempe
559 1396 721 1470 elephanto?
749 1396 784 1452 Ut
798 1413 848 1483 au-

19 1527 20 1551 2
50 1488 111 1535 tem
128 1479 219 1534 omnia
238 1479 390 1550 antiquitus
408 1478 481 1533 diota
498 1482 679 1547 praeteream,
701 1488 848 1527 memoriae

51 1551 189 1610 mandabo
203 1572 247 1610 res
262 1555 314 1611 sub
325 1553 458 1609 Antiocho
473 1560 556 1606 actas.
594 1548 756 1606 Asianorum
769 1547 847 1619 prin-

19 1628 20 1631 ’
51 1645 121 1700 oeps
131 1638 280 1685 armentum
292 1629 381 1684 alebat
390 1627 606 1700 elephantorum,
619 1624 687 1679 utin
699 1640 847 1696 congressu

51 1704 135 1776 equis
153 1703 290 1768 obiectum
308 1703 443 1760 iuvamini
461 1709 546 1770 esset;
578 1717 594 1754 a
613 1717 679 1756 voce
698 1700 772 1754 enim
791 1698 849 1753 ele-

51 1779 164 1852 phantis
175 1779 323 1837 abhorrens
333 1787 415 1850 pavet
424 1795 526 1849 equus,
542 1778 580 1832 ita
590 1783 620 1831 ut
629 1773 664 1832 ob
673 1783 777 1830 metum
788 1774 848 1828 vio-

52 1856 141 1910 lenter
157 1853 239 1927 fugae
258 1872 288 1909 se
308 1853 362 1908 det.
401 1855 496 1926 ltaque
509 1853 560 1916 iis,
578 1851 628 1924 qui
645 1846 848 1922 praecellebant

53 1929 174 1998 oorporis
184 1931 279 2002 vigore
288 1937 315 1982 et
324 1929 432 1992 robore,
454 1925 570 1998 eoquod
580 1923 793 1997 adoperandum
803 1924 848 1977 iu-

53 2011 111 2067 vat,
122 2004 332 2074 appellationem
344 2000 381 2077 [*]
393 2002 541 2058 indiditex
551 2001 664 2056 heroum
676 1997 845 2060 nominibus,

52 2075 517 2152 praeferentiamoonoedensriiaoi:
535 2076 577 2131 illi
588 2091 696 2146 nempe,
708 2074 757 2146 qui
767 2088 847 2142 prae-

53 2163 97 2208 ter
109 2168 203 2207 omnes
217 2153 295 2208 fortis
308 2151 455 2208 videbatur
467 2159 494 2206 et
507 2151 584 2221 operi
596 2143 717 2204 deditus.
756 2145 847 2210 Quum
918 2211 920 2216 Ι

53 2243 121 2299 ergo
132 2225 233 2282 llumen
242 2245 291 2282 rex
304 2227 432 2281 transiret
444 2239 509 2280 eum
526 2223 661 2284 exereitu,
681 2219 752 2275 Aiax
765 2219 848 2292 (nun-

53 2308 170 2372 cupatus
180 2301 302 2375 elephas)
313 2301 348 2356 ad
360 2303 449 2372 ripam
464 2298 632 2359 morabatur,
653 2295 798 2358 transitum
811 2294 848 2348 ti-

53 2393 146 2440 mens,
167 2385 290 2448 utputo,
311 2376 347 2431 ob
360 2377 507 2448 gurgitem.
547 2371 600 2438 Qui
615 2386 679 2426 vero
693 2368 848 2439 sequeban-

53 2462 113 2515 tur,
134 2459 165 2506 ut
177 2451 305 2515 decebat,
329 2449 464 2522 impavidi
482 2447 584 2520 reperti
597 2443 721 2500 ordinem
736 2442 847 2516 (tamen)

55 2525 202 2596 diligenter
218 2526 373 2582 servabant.
415 2526 506 2578 Doneo
523 2539 572 2576 rex
591 2521 667 2574 misit
683 2518 847 2589 vocavitque

55 2601 166 2664 altores,
181 2603 248 2673 quia
255 2609 363 2670 tempus
373 2607 430 2653 erat
439 2596 623 2660 accelerandi,
635 2593 761 2650 bravium
772 2591 847 2666 (tipo-

54 2673 137 2750 peior)
146 2675 250 2748 duplex
259 2675 399 2749 pollicitus
408 2672 613 2728 transeuntibus
623 2679 685 2726 ante
700 2669 782 2732 alioa,
803 2669 847 2722 in-
