2050 3100
68 277 110 341 [IL
125 276 183 341 att]
240 282 281 326 IN
301 282 481 329 GENESIN.
505 283 634 329 SERMO
653 284 695 331 tv.
824 282 872 334 {77

66 383 135 436 tium
153 382 310 453 procreatio
328 382 512 454 quadraginta
531 382 639 449 dierum
654 386 743 456 spatio
758 386 871 443 confici-

65 464 123 520 tur,
138 456 245 528 quibus
256 455 401 528 completis
412 459 490 512 aiunt
499 458 602 513 medici
612 461 699 515 creari
712 477 805 516 semen
817 463 871 517 im-

65 533 182 586 missum
197 532 228 585 in
244 539 367 594 uterum,
390 532 511 587 maxime
520 550 607 605 quum
616 552 675 589 mas
686 538 870 608 comperiatur

63 606 262 677 perficiendus.
302 605 439 672 Quoniam
453 624 486 661 eo
500 616 622 680 tempore
636 626 691 665 non
705 620 817 682 propter
830 615 870 668 ir-

63 681 227 737 rationalem
242 680 412 751 voluptatem
426 690 524 752 sponte
540 682 622 739 saciet
638 682 674 761 [*]
691 702 869 759 congressum

64 772 126 810 cnm
150 772 254 819 uxore,
290 755 340 810 sed
363 757 480 810 seminis
499 760 588 830 gratia
607 760 744 831 genuinae
766 762 865 834 prolis,

63 830 165 885 decens
190 847 223 885 ac
246 838 433 902 opportunum
456 830 509 885 tuit
529 832 641 888 totidem
662 852 795 891 annorum
814 854 868 893 nu-

62 907 134 977 ptias
149 922 247 979 agere,
272 914 340 976 quot
353 904 454 960 diebus
474 905 563 962 foetus
583 909 613 962 in
633 917 710 965 utero
730 912 867 968 vivificari

63 981 172 1036 soleret.

124 1112 174 1166 Gur
191 1112 241 1162 ait:
267 1110 325 1175 „Si
340 1111 375 1161 εἰσ
392 1111 450 1161 miti
458 1114 569 1177 sutorum
586 1126 651 1179 erm,
672 1118 757 1180 utquid
774 1130 807 1169 eat

316 1179 361 1228 hoe
378 1179 475 1229 mitta
492 1181 546 1244 (25,
561 1185 616 1243 22.)

120 1283 180 1335 ⁴55.
200 1280 309 1336 Virtute
320 1298 385 1335 sane
395 1281 538 1352 praeditus
549 1290 591 1337 est
601 1290 628 1337 et
636 1284 750 1341 virtutis
760 1284 865 1341 studio-

63 1373 123 1420 sus,
145 1356 197 1426 qui
213 1354 282 1410 haec
296 1372 350 1410 non
364 1372 431 1410 voce
442 1358 532 1429 magis
542 1374 626 1429 quam
637 1356 786 1413 condolens
795 1360 825 1413 in
836 1377 865 1413 se

62 1429 182 1500 proferat
202 1439 230 1485 et
250 1429 285 1485 de
305 1447 335 1484 se
354 1432 455 1502 cogitet
474 1432 594 1486 animus.
638 1430 777 1508 Quidnam
796 1434 866 1489 mihi

63 1514 133 1570 erat,
157 1507 209 1569 ait,
232 1506 366 1561 contraria
380 1507 438 1578 pati
454 1515 481 1562 et
494 1508 668 1578 oppositione
683 1515 823 1580 tamquam
836 1511 865 1564 in

62 1582 203 1653 oppositas
223 1589 316 1652 partes
336 1590 452 1637 staterae
472 1583 616 1638 inclinari:
650 1600 724 1638 nunc
744 1602 759 1640 e
777 1585 865 1658 gloria

61 1822 92 1877 ln
101 1820 323 1895 quadragenaria
336 1831 390 1888 est,
411 1824 565 1879 secundum
575 1841 658 1896 quam
670 1829 752 1882 etiam
762 1828 864 1883 medici

63 1905 199 1962 assertant,
211 1905 251 1952 tot
260 1896 360 1953 diebus
371 1897 544 1954 reconditum
552 1917 647 1956 semen
658 1901 687 1958 in
697 1902 780 1960 vulva
792 1901 864 1976 figu-

62 1972 375 2037 raturinmasculinum,
389 1975 552 2044 praesertim
562 1973 695 2034 hactenus
706 1994 759 2034 non
768 1995 818 2048 pro
828 1978 864 2033 li-

62 2046 159 2107 bidine
168 2064 269 2119 prona,
286 2046 336 2102 sed
345 2064 396 2119 pro
406 2047 527 2104 filiorum
538 2067 652 2124 syncera
661 2053 793 2124 progenie
804 2053 865 2108 eul-

63 2130 121 2176 tum
141 2121 261 2194 dignum
280 2120 425 2188 facientes,
450 2123 535 2181 huius
555 2126 651 2181 aetatis
666 2127 776 2198 nuptias
791 2127 865 2183 cele·

62 2195 151 2250 brant.

101 2335 195 2401 thur'd
209 2335 321 2386 Rebecca
338 2337 386 2390 ait.-
414 2337 472 2401 „si
486 2339 521 2388 eic
531 2340 641 2404 futurum
658 2350 692 2389 eet
710 2341 777 2404 miti,
797 2343 832 2391 ad

349 2405 409 2468 quid
423 2406 481 2455 milri
497 2405 581 2456 knew

119 2507 178 2559 tao.
203 2503 334 2561 Studiose
348 2514 376 2560 et
389 2507 533 2580 ingeniosa
548 2525 626 2562 mens
640 2509 708 2564 haec
721 2526 775 2564 non
786 2509 864 2564 iasti-

65 2577 109 2633 dio
128 2580 223 2650 potius
241 2595 326 2650 quam
344 2580 437 2637 dolore
452 2581 600 2637 affectabili
615 2583 804 2654 prosequitur,
826 2585 864 2636 ita

65 2653 137 2706 enim
147 2653 289 2709 recordata
299 2657 350 2711 ait:
376 2656 642 2728 thuidmihihoc‘i
667 2654 725 2710 Sub
735 2654 865 2710 differen-

65 2728 103 2780 tia
120 2743 183 2781 esee
202 2735 342 2801 tamquam
359 2733 487 2804 superior
500 2739 704 2801 compensatam
719 2737 862 2794 aestuaret,

66 2802 166 2925 paqtim
176 2817 212 2856 ex
221 2806 390 2928 sqqpitione,
406 2807 507 2879 partim
519 2822 534 2858 a
544 2805 673 2924 veritaqq:
699 2801 864 2874 ambiguitas

129 2889 212 2927 nino
284 2913 289 2927 .
