2050 3100
56 93 91 159 [1,
106 91 170 158 iii]
262 98 400 144 mla-1113
423 97 666 147 amnuens.
817 96 865 149 i35

55 199 150 262 saria,
162 204 190 252 et
199 214 235 252 ne
244 196 313 253 forts
322 197 531 254 inundationem
540 201 667 271 patiatur,
679 202 802 259 sollerter
809 202 866 259 sibi

55 282 146 346 parat
162 272 273 341 sedem3
307 281 438 329 autumno
451 291 517 329 vero
531 284 661 347 vergente
675 275 820 349 obreptum
830 294 866 335 ex

56 349 171 421 frigore
179 348 335 419 imbrisque
343 348 475 403 damnum
484 351 593 405 cautius
602 360 722 422 reparat,
738 358 782 415 ut.
794 368 866 423 quae

57 426 94 478 in
105 422 234 478 hibernis
245 440 301 477 ase
309 426 472 479 constructis
481 424 595 480 inclusit
607 434 634 480 et
648 425 741 481 lahore
754 427 865 497 proprio

58 497 206 562 condidit.
225 498 262 552 iis
275 496 381 553 fruatur
389 506 417 555 et
426 498 557 572 gaudeat,
578 498 673 557 horrea
684 518 734 573 pro
744 508 866 572 tempore

59 576 214 628 insumens
223 581 251 628 et
260 574 369 645 eopioae
382 572 512 629 hauriens
522 575 636 630 vietum.
675 574 789 642 Quando
800 592 865 632 vero

60 647 171 703 aooidit
180 656 211 703 ut
220 647 349 713 definiant
359 647 502 712 alimenta,
523 666 633 706 rursum
648 651 706 706 exit
718 649 792 705 foras
801 667 865 705 oum

59 739 119 778 suo
133 723 271 787 exercitu,
290 730 323 778 ut
335 722 446 795 eolligat
460 723 568 793 eopiam
582 742 717 791 annonae,
738 743 865 781 neeessa-

59 800 142 854 rium
157 798 251 853 eibum
265 814 414 868 procurans
427 814 476 867 pro
491 806 611 868 tempore
626 798 727 856 futuro.
766 801 800 855 Ut
815 818 866 855 au-

59 884 125 928 tem
139 873 274 927 malorum
285 870 322 947 [Ἴ
333 872 528 927 saevissimum
542 873 663 943 expellat
679 873 793 941 famem,
815 877 866 929 tri-

60 946 354 1017 tioumhordeumque
363 956 391 1003 et
399 962 580 1017 quaecunque
590 946 744 1019 collegerit,
765 950 794 1003 in
809 949 865 1005 duo

61 1022 225 1088 intercidit,
239 1021 487 1093 repullulantibus
497 1021 555 1075 illis
565 1022 680 1093 penuria
694 1022 807 1079 laboret.

125 1152 169 1205 ta.
194 1148 254 1204 Non
267 1146 387 1203 sufficiet
401 1146 461 1202 dies
477 1146 511 1201 ad
527 1145 692 1201 enarrandas
707 1148 864 1203 consimiles

63 1234 237 1281 caeterorum
248 1241 327 1279 curas
337 1223 513 1286 animalium,
536 1238 651 1293 quorum
664 1230 809 1294 apparatus
818 1240 865 1277 oe·

63 1300 227 1356 conomicus
240 1297 391 1353 abundanti
405 1297 507 1371 gaudet
525 1296 597 1352 cibo.
636 1295 865 1369 Quandoquidem

63 1376 161 1432 omnia
171 1374 321 1437 terrestria,
341 1373 472 1443 aquatilia
482 1381 509 1427 et
519 1370 642 1427 volatilia
652 1389 701 1445 per
711 1375 813 1436 aerem,
830 1390 865 1427 ne

63 1452 139 1507 forte
149 1448 255 1521 aliquid
264 1449 412 1503 necessarii
423 1447 495 1502 desit
504 1448 588 1518 ipsis,
600 1447 715 1518 provide
725 1464 791 1502 sane
800 1464 865 1519 pro·

62 1533 174 1583 curant.
212 1524 351 1579 Praeterea
367 1524 430 1595 quis
441 1524 542 1587 nescit,
563 1521 637 1594 quod
647 1523 788 1578 intellectu
799 1538 864 1578 eon-

62 1602 128 1658 silii
143 1599 327 1672 praeditorum
341 1607 396 1663 est,
419 1599 521 1672 eligere
531 1599 610 1654 utilia
622 1606 648 1652 et
658 1599 781 1663 inutilia,
799 1616 864 1653 oon-

63 1674 207 1733 venientia
221 1682 248 1729 et
261 1674 482 1729 inconvenientia
497 1691 559 1728 oum
575 1672 769 1729 distinetione?
795 1674 864 1728 Isto-

63 1769 132 1808 rum
151 1767 214 1805 vero
232 1751 331 1822 peritia
345 1750 428 1804 nimis
443 1758 515 1806 certa
532 1756 572 1803 est
586 1747 669 1822 (apud
685 1747 823 1818 animalia)
837 1755 864 1802 et

64 1825 185 1882 solidata
194 1824 356 1896 disciplina,
372 1827 478 1880 animae
489 1824 614 1879 rationali
625 1824 745 1896 propria.

127 1953 169 2005 il.
190 1949 314 2006 Attamen
324 1950 395 2006 illud
405 1952 487 2006 etiam
497 1951 549 2005 rite
558 1949 673 2014 dieitur,
693 1948 864 2020 quodoppo-

64 2029 183 2083 sitorum
202 2043 256 2080 oon
271 2026 345 2079 idem
359 2034 495 2093 ast-usum
531 2025 674 2096 quoniam,
695 2031 726 2078 ut
740 2030 827 2094 patet,
848 2039 864 2075 a

66 2102 212 2158 contrariis
230 2100 300 2155 tales
317 2102 483 2171 proveniunt
500 2107 599 2154 motus.
628 2097 772 2165 ,Quoniam
795 2096 863 2151 ooli-

66 2178 138 2232 dum
148 2175 334 2248 aoirigidum,
356 2175 400 2230 vel
414 2174 496 2229 dulce
510 2183 538 2229 et
553 2189 687 2236 amarum,
709 2172 753 2227 vel
768 2171 863 2226 album

66 2253 249 2324 nigrumtme,
269 2250 314 2306 vel
329 2267 459 2322 magnum
472 2257 500 2302 et
513 2263 643 2320 parvum,
667 2253 714 2300 aut
727 2243 863 2316 quiequid

67 2343 177 2390 eorum,
201 2326 231 2378 in
250 2325 352 2395 quibus
370 2324 503 2381 eontraria
523 2330 586 2376 sunt
605 2321 708 2392 passim
717 2327 863 2389 *tempera-

66 2408 174 2464 menta.
196 2400 320 2455 diversas
333 2417 383 2471 pro
397 2398 532 2454 sententia
542 2395 651 2451 consilii
661 2394 737 2450 iniis
747 2394 863 2466 agitve·

66 2481 201 2539 tuentes,
222 2483 253 2528 ut
262 2476 386 2529 animans
395 2475 515 2545 quisque
525 2470 592 2526 velit
602 2486 633 2524 ae
646 2475 768 2539 appetat,
788 2467 863 2538 quod

66 2553 161 2627 placet
169 2558 196 2604 et
206 2549 282 2604 affert
290 2550 471 2620 voluptatem,
491 2546 526 2601 ad
537 2537 619 2616 qiam
628 2551 768 2615 properat,
785 2542 863 2598 etel-

66 2625 158 2700 fugiat
171 2625 341 2687 dolorosum,
364 2622 439 2694 quod
453 2629 602 2677 aversatur.
639 2618 674 2674 Et
692 2626 767 2674 tanta
784 2618 863 2690 eopia
