2050 3100
150 146 200 200 2⁴6
270 148 368 195 euru.
387 146 461 192 1un.
480 144 642 203 Quansr.
661 146 711 191 Er
731 145 813 192 son.
846 124 956 209 [usia]

150 259 201 313 est,
214 247 289 320 quod
299 249 401 304 virtute
410 255 504 301 ornato
513 255 569 301 tam
580 264 620 311 aa,
633 263 704 317 quae
714 246 869 303 secundum
879 249 957 321 agri-

150 325 301 387 culturam,
322 338 407 393 quam
426 338 497 392 quae
517 320 552 376 ad
568 339 649 376 usum
664 321 738 377 vitae
753 321 851 377 mundi
865 323 956 393 perti·

149 407 229 462 nent,
250 397 321 451 bene
337 396 478 461 accidunt,
499 403 527 450 et
539 396 955 468 quodposterioraeiusmulti-

148 474 251 546 plieius
262 471 446 528 anterioribus
456 479 483 528 et
493 471 605 543 plenius
615 472 800 543 reperiuntur.
821 471 864 527 ld
873 489 954 528 men-

148 559 204 603 tem
218 564 284 603 vero
319 551 442 602 hordeum
456 555 512 602 tam
527 546 685 611 bominum,
709 563 793 619 quam
806 547 953 603 brutorum

149 622 312 678 animalium
321 629 363 679 est
373 620 467 689 cibus;
494 621 523 675 in
533 620 653 695 singulis
664 630 754 677 autem
768 623 853 677 nostri
868 622 952 677 hemo

148 706 190 753 est
199 715 277 752 mens
287 706 314 753 et
323 696 437 751 brutum
445 714 554 751 sensus.
587 694 952 770 Quandoergononsuper-

148 773 256 828 venerit
269 773 399 828 sterilitas
415 771 564 837 benorum,
585 771 636 827 aad
648 771 807 828 exhibuerit
817 773 909 827 anima
920 790 952 827 se

68 903 71 907 A
148 850 239 919 ipsam
249 848 321 903 sicut
332 863 429 921 agrum
439 845 573 910 fertilem,
592 847 950 919 semaneoueiperevalens

147 922 273 987 virtutis,
300 922 378 977 ferax
397 921 524 977 redditur
541 929 622 993 atque
641 922 703 979 visa
720 939 852 996 generare
871 922 949 977 iuxta

146 998 274 1071 singulas
287 999 417 1060 virtutes,
439 997 546 1053 invenit
559 996 623 1067 plus
639 1013 685 1061 eo,
706 997 947 1069 quudgeuerat*l,

147 1073 199 1130 dee
214 1072 324 1130 lavante
339 1082 366 1128 et
380 1072 534 1145 adaugente
549 1079 631 1143 atque
642 1089 677 1127 ax
687 1072 826 1129 invisibili
836 1073 866 1127 in
877 1074 951 1129 visi-

145 1148 233 1204 bilem
248 1156 275 1205 et
289 1149 372 1204 aliam
387 1146 503 1202 lermam
516 1144 637 1201 benefice
651 1147 844 1203 transveheata
864 1149 951 1203 ratio·

145 1226 238 1280 nalem
249 1232 355 1296 partem
365 1231 392 1278 et
401 1221 601 1286 irrationalem,
623 1239 678 1277 una
694 1221 844 1293 eademque
859 1223 949 1296 gratia

146 1300 301 1354 seeundum
315 1315 463 1353 numerum
477 1295 592 1369 perlecti
607 1298 770 1362 centenarii,
792 1298 842 1369 qui
857 1305 898 1352 est
913 1314 951 1353 ex

146 1382 241 1428 saneto
263 1374 404 1445 principio
427 1373 535 1429 denarii
561 1373 731 1445 principium
750 1371 900 1444 perfectius
921 1380 949 1427 et

145 1449 278 1502 sanctius.

196 1623 218 1669 ¹¹)
232 1632 250 1661 a.
265 1623 341 1662 invenit
349 1623 421 1671 potrus
434 1631 469 1670 ea,
484 1633 547 1672 quma
561 1627 653 1674 deamat.
680 1624 759 1664 Auen.

143 1907 268 1978 germina
279 1905 447 1978 ampliantur
455 1907 520 1979 plns
531 1924 614 1980 quam
625 1909 744 1982 pridem.
783 1908 950 1982 Intelligen-

143 1982 181 2034 tia
205 1980 343 2036 subtilior.
392 1983 525 2037 Hordeum
548 1984 709 2041 hominibus
731 1993 758 2040 et
776 1985 948 2039 animalibus

143 2072 206 2109 esca
216 2063 271 2120 est,
288 2055 369 2111 nobis
383 2065 474 2110 autern
489 2073 568 2114 mens
598 2059 695 2126 homo,
711 2076 809 2115 sensus
841 2059 946 2113 anima.

142 2129 212 2185 Cum
226 2147 291 2204 ergo
304 2148 397 2186 rerum
411 2130 556 2204 frugalitas
571 2134 673 2201 deerit,
694 2141 838 2207 praeparat
852 2134 946 2188 anima

142 2222 186 2269 se,
203 2212 297 2277 utpote
307 2223 387 2280 seges
396 2207 515 2278 optima,
533 2217 560 2263 et
570 2209 600 2265 fit
610 2228 697 2281 capax
712 2208 947 2264 abundantiarum

142 2278 268 2346 virtutis,
293 2289 320 2337 et
339 2282 464 2354 germina
483 2282 692 2340 benevolentiae
711 2283 945 2355 multiplicantur.

141 2354 194 2410 deo
208 2356 301 2427 palam
315 2355 469 2428 proterente
484 2367 555 2416 certa
572 2375 607 2413 ex
622 2358 760 2414 invisibili
770 2375 820 2412 suo
830 2357 949 2412 thesau-

141 2447 185 2495 ro,
201 2438 233 2485 ut
242 2439 358 2503 utraque
368 2448 412 2486 res
426 2431 560 2488 beneficia
575 2435 687 2498 sentiat,
708 2450 826 2504 persona
840 2433 948 2490 videli—

141 2512 184 2558 eet
194 2514 276 2576 atque
286 2504 472 2570 rationabilis,
488 2523 538 2576 per
548 2524 632 2561 unam
643 2507 815 2578 eandemque
826 2508 947 2578 gratiam

139 2577 278 2703 ρὲτίςοὶεο
289 2580 457 2645 divinitatis,
472 2597 544 2651 quae
554 2589 596 2636 est
604 2581 747 2652 primitiva
758 2581 867 2637 numeri
879 2599 947 2636 san-

140 2665 155 2702 e
167 2666 245 2706 roris.
