2050 3100
42 154 78 222 [1,
91 150 156 220 tte]
248 158 316 226 Llll.
334 159 385 205 DE
406 159 650 207 eminuerunt.
799 156 841 209 lll

107 260 154 313 ee.
178 257 260 313 Porro
273 258 341 314 been
354 260 505 315 animantia
518 269 632 317 nnntur
650 261 733 316 etiem
750 261 847 317 ordine

43 333 180 396 meliore,
190 348 275 403 quam
283 332 542 406 cobortispreelecti
551 353 583 391 eo
592 337 778 400 centuriones,
793 338 848 391 rni-

43 409 126 463 nime
135 407 292 481 indigentes
302 407 603 477 adhortationemutna3
615 411 744 482 quoniam
754 424 848 483 prom·

44 491 100 557 pta
109 482 218 536 suntad
228 482 464 554 operandnmeina
475 486 669 549 excitamento,
686 502 741 558 quo
751 502 847 541 necea

44 573 82 613 se
91 556 267 613 esthomines
277 556 428 613 identidem
436 559 472 614 ad
479 576 551 631 opus
559 560 677 632 impelli,
688 559 763 633 quod
773 562 847 616 uenit

47 631 212 763 affinem,
227 646 281 688 nec
290 635 468 713 sosonnetsri
478 636 559 699 sinit,
574 636 624 691 sed
634 637 735 691 excitat
744 634 847 691 advir-

110 817 153 869 et.
166 813 274 889 Etenim
284 832 334 889 ego
344 817 427 870 etiam
436 816 546 887 quarmo
556 834 605 889 per
615 818 778 891 legationem
789 818 845 873 adii

48 889 212 962 Romam*),
239 890 333 948 crebro
350 890 410 945 vidi
428 891 458 944 in
475 890 625 946 bestiarum
641 892 844 966 congressibus,

48 963 130 1036 quod
142 981 216 1020 more
229 967 394 1036 optimorum
404 982 545 1020 cursorum
558 966 636 1038 prius
645 967 700 1023 hue
710 967 777 1022 illuc
787 967 846 1021 dis-

50 1038 213 1104 currebant,
225 1048 251 1094 et
260 1056 295 1096 ex
304 1040 387 1095 altera
396 1047 474 1113 parte
483 1048 622 1111 tamquam
631 1039 739 1114 flagello
750 1040 845 1096 caudis

48 1114 174 1193 propriis
182 1114 292 1170 dorsum
304 1123 330 1170 et
340 1112 423 1170 latera
432 1114 630 1187 percutiebant,
644 1126 675 1171 ut
684 1131 744 1171 sese
756 1114 847 1170 borta-

48 1198 162 1254 rentur,
184 1188 417 1261 quomadmodum
433 1191 464 1245 in
477 1190 658 1262 hippodromo
676 1192 787 1263 aurigae
805 1189 847 1245 ia-

51 1266 143 1320 ciunt.
162 1263 297 1331 Quoniam
305 1282 360 1321 non
368 1264 460 1321 solum
468 1265 601 1336 supplicii
612 1265 670 1321 loca
680 1264 787 1338 flagella
795 1264 846 1321 ad·

49 1339 165 1404 bibent,
185 1356 282 1395 verum
295 1340 377 1396 etiam
386 1339 532 1395 monendis
541 1339 660 1412 pedibus
668 1339 709 1413 (ut
718 1356 778 1397 sese
787 1357 846 1395 mo-

50 1413 156 1486 veant).
193 1415 336 1487 Propterea
345 1423 373 1470 et
384 1422 465 1486 poete
474 1416 572 1477 certior
581 1415 668 1471 laetus
678 1414 758 1471 dicit:

111 1504 202 1562 &arde
215 1510 300 1562 tmen
312 1511 466 1577 manuque
478 1524 513 1562 ec
524 1516 718 1578 tanmem

108 1579 233 1646 Peretttt,
252 1592 283 1638 nt
294 1587 382 1637 irritet
392 1588 431 1637 ud
439 1591 575 1638 ommno
587 1601 615 1638 aa
624 1589 716 1653 (ματη.

109 1691 152 1745 55.
173 1691 257 1746 Tanta
270 1689 362 1763 itaque
373 1690 542 1747 fortitudinis
554 1689 595 1748 vis
608 1692 636 1746 in
646 1688 845 1747 robustioribus
858 1745 862 1754 ,

52 1765 177 1830 exsistit,
199 1773 230 1821 ut
243 1782 315 1838 quae
329 1767 402 1822 vires
417 1766 565 1822 debiliores
579 1765 715 1825 desideria
733 1763 843 1831 habent,

51 1837 230 1906 erubescant,
253 1838 328 1914 quod
342 1842 465 1916 ignotum
479 1860 533 1898 non
547 1849 597 1898 est.
638 1841 743 1898 Dicitur
760 1843 843 1906 enim,

51 1915 130 1989 quod
144 1915 248 1979 leones,
269 1932 355 1987 quum
370 1918 399 1971 in
413 1935 561 1991 congressu
576 1919 610 1974 ob
625 1918 739 1973 multam
757 1933 847 1989 oppu-

52 1991 211 2064 gnationem
221 1987 406 2057 debellantur,
426 1991 569 2048 obtuentes
583 1993 714 2048 secedunt
725 1989 762 2068 [⁴³]
774 1993 846 2046 lente

51 2053 229 2121 vociferando
248 2065 346 2121 ethuc
365 2065 433 2121 illuc
450 2067 620 2123 ambulantes
640 2067 743 2139 pudere
762 2083 792 2120 se
812 2065 846 2119 dc

52 2147 144 2196 errato
151 2140 338 2204 manifestant,
353 2149 434 2212 atque
445 2144 549 2198 eversis
559 2143 683 2198 vultibus
690 2150 719 2196 et
726 2156 792 2195 voce
803 2156 847 2192 re-

52 2215 139 2271 missa
148 2231 208 2270 sese
215 2216 345 2272 abdentes
353 2216 527 2287 persuadent,
534 2216 609 2286 quod
618 2214 689 2271 ultro
698 2213 846 2285 repreben-

51 2290 351 2350 sionemindiceutium
360 2308 391 2346 se
400 2291 486 2364 digito
496 2291 592 2348 volunt
600 2291 702 2346 evitare
712 2296 740 2343 et
746 2296 848 2344 retror-

52 2381 119 2420 sum
128 2367 231 2422 reversi
243 2366 319 2424 velut
327 2382 363 2422 ex
372 2365 461 2423 stadio
469 2372 592 2420 currunt.

106 2502 128 2552 ⁸)
144 2504 265 2544 Alexander
277 2507 312 2544 vel
324 2506 464 2557 Lysimachus
478 2507 530 2545 eatis
543 2505 578 2544 hio
591 2515 614 2546 se
626 2507 729 2544 monstrat
741 2504 847 2553 legatione

52 2557 144 2597 Romam
156 2558 253 2604 petiisse,
275 2557 331 2595 bend
346 2567 408 2597 seces
425 2566 451 2596 eo
465 2556 536 2596 Phile.
566 2553 587 2594 sl
604 2557 651 2604 qais
666 2557 738 2594 entem
755 2555 809 2594 nolit
824 2555 848 2594 id

54 2605 183 2652 concedere,
196 2615 284 2646 neeeeee
296 2611 330 2647 est
342 2609 423 2655 dicere,
445 2607 503 2655 qnod
515 2607 586 2656 ulique
598 2606 736 2648 interlocutus
748 2606 846 2646 ettPhlle

53 2661 108 2707 ipse.
135 2655 214 2696 Verum
226 2658 332 2705 integrum
349 2667 474 2706 resporunm
490 2657 586 2697 Philonis
603 2657 629 2698 ed
645 2657 715 2696 omnia
732 2657 847 2697 advenerit

55 2709 113 2748 dtcta
125 2708 189 2755 poulo
200 2707 289 2748 meeum
302 2709 358 2748 olere
371 2707 463 2748 videbis.
488 2708 569 2747 Auen.
