2050 3100
177 121 228 174 222
302 122 399 167 PHIL.
419 120 492 165 IUD.
512 117 674 175 QUAEST.
693 117 743 162 ΕΤ
768 116 846 161 SOL.
865 111 982 176 [11,395.]

177 228 308 282 bonorem
318 220 432 277 adhibet
441 235 524 291 opere
534 235 584 274 suo
594 218 682 273 labori
693 218 768 285 eius3
786 215 886 287 quade
898 233 983 273 causa

177 309 204 356 et
213 302 274 371 ipse
285 300 313 352 in
324 294 546 367 repurgationem
556 292 796 363 exfossionemque
809 296 981 363 properavit,

177 392 212 430 ne
227 375 262 429 ab
276 372 376 427 ineolis
389 370 511 441 regionis
526 376 635 440 semper
654 367 791 423 invidiam
811 367 981 421 lucraretur:

178 450 302 520 alioquin
312 437 482 515 c‘onsequeus
492 453 563 507 erat,
583 442 658 515 quod
667 444 707 506 is,
723 444 772 513 qui
783 441 980 513 oeditoperae‚

177 524 261 579 simul
272 522 421 577 abstineret
432 535 463 573 so
476 520 561 573 etiam
576 514 794 589 nomi'nibus*).·
819 517 913 571 Unum
928 516 984 572 ita-

177 616 232 671 que
243 599 298 653 hoe
310 604 361 652 est.
400 594 525 649 Alterum
538 608 604 648 vero
618 592 782 656 elinandum,
804 592 878 662 quod
894 594 982 647 amori

177 674 289 747 proprio
303 672 434 726 inimicus
449 677 490 739 est
504 669 630 739 sapione,
654 682 749 721 amans
769 669 860 721 amora
879 667 982 740 dignas

178 749 314 804 iustitiam
327 755 355 801 et
369 746 526 807 veritatem,
547 750 666 814 quarum
681 751 826 813 utramque
835 742 982 797 evidenter

178 823 341 879 monstravit
351 823 380 875 in
390 822 546 874 iuventute:
577 818 727 880 iustitiam,
749 817 815 889 quia
828 816 901 871 nibil
913 818 981 872 alte-

177 901 236 954 rius
256 898 396 960 auferam,
418 895 469 949 etsi
487 892 613 949 consulto
631 900 689 948 erat
703 893 884 963 deprauamm
899 890 981 965 (opus

177 975 264 1047 patris
275 974 310 1028 ab
320 972 402 1044 aliis),
415 971 474 1041 ipse
485 968 625 1024 multoties
633 976 717 1042 'opera
728 966 791 1022 data
801 966 911 1036 refecit3
932 986 981 1021 ve-

178 1051 286 1105 ritatem
301 1056 392 1103 autem
406 1044 531 1109 fatendo,
551 1060 623 1115 opus
637 1044 662 1098 ei
678 1038 894 1098 adscribendum
908 1060 981 1104 esse,

178 1127 228 1197 qui
242 1126 321 1197 prius
336 1138 483 1195 aggressus
497 1132 551 1183 est,
572 1128 653 1189 prout
662 1135 711 1189 par
724 1115 760 1191 [Ἴ
773 1118 917 1172 nominum
927 1120 982 1172 im-

178 1202 345 1274 positionem
359 1198 491 1253 denotans
507 1193 715 1250 fabricationem
730 1194 829 1264 ipsam.
869 1192 902 1246 Id
916 1210 982 1265 pro·

178 1277 225 1331 bat
234 1276 317 1331 etiam
326 1290 404 1328 meus
415 1271 539 1343 egregia;
560 1270 704 1323 nominum
716 1268 983 1339 enimpositoresin-

229 1413 251 1458 ¹)
272 1414 375 1460 Emitit
394 1415 417 1451 et
437 1411 542 1450 conflaris
557 1412 668 1469 'sententia
688 1420 751 1449 vara:
786 1402 836 1457 erpo
854 1419 981 1458 conseptum

178 1464 464 1553 gizzgmdfflugocedmt
477 1463 545 1509 operi,
564 1462 659 1502 similiter
672 1462 783 1499 abstineret
795 1470 817 1499 se
834 1470 848 1498 o
864 1462 924 1499 novis
944 1472 983 1500 no-

178 1744 271 1801 fere'ns'
280 1763 330 1817 per
338 1744 432 1817 (uterq.
444 1745 528 1800 simul
538 1747 602 1820 pro)
608 1749 699 1819 operis
708 1746 860 1811 industria,
883 1747 983 1802 attos-

178 1822 260 1876 satim
280 1829 398 1892 purgare
417 1821 554 1876 sollicitus
570 1830 624 1887 est,
646 1821 807 1878 no-omnino
818 1823 984 1893 praevaleat

179 1895 286 1950 invidia
297 1887 327 1949 in
337 1890 437 1950 terram
446 1909 552 1951 eorum.
577 1897 644 1952 Inde
655 1897 825 1968 cousequens
836 1905 903 1962 arat,
916 1911 984 1969 pro-

179 1971 322 2026 cedentem
331 1971 501 2043 inoperibus
510 1973 595 2026 etiam
605 1974 717 2027 nomina
730 1971 905 2026 confirmare,
946 1974 983 2027 11-

179 2046 229 2101 lud
238 2062 350 2118 quoque
360 2047 481 2111 dicetur,
493 2047 569 2118 quod
578 2049 741 2119 semetipsos
753 2047 911 2102 amantibus
922 2056 984 2102 stu-

179 2121 300 2198 diosius,
316 2122 579 2194 inimicusyidetur
592 2124 642 2194 qui
658 2123 775 2195 diligam
794 2123 864 2177 solet
884 2123 983 2176 marita

178 2195 442 2268 digna'iustitiarum
452 2206 479 2253 et
488 2199 626 2264 veritatis,
639 2215 708 2269 quas
718 2203 851 2268 utrasque
860 2206 985 2252 sectatur

179 2279 282 2326 amator
301 2273 481 2346 integritatis,
505 2273 577 2327 nihil
593 2271 742 2328 auferendo
757 2272 895 2338 alienum,
918 2272 985 2326 iicet

114 2375 121 2382 ·
179 2347 229 2401 diu
239 2347 342 2403 obolita
352 2350 412 2420 ipse
422 2349 509 2402 nimio
519 2347 619 2404 sudore
629 2347 720 2421 potuit
729 2349 866 2402 invenire.
902 2347 985 2401 Veri-

178 2430 262 2476 tatem
273 2439 336 2477 vero
346 2425 376 2476 in
386 2423 516 2477 omnibus
526 2423 669 2488 imitando,
680 2431 708 2476 et
718 2432 860 2493 paternam
865 2438 982 2494 operum

179 2499 402 2552 constitutionem
416 2498 615 2567 nominumque
629 2497 799 2558 firmitatem,
820 2497 926 2568 quibus
942 2506 983 2550 et-

179 2571 235 2624 iam
249 2589 327 2627 mens
343 2572 447 2626 cautior
461 2571 613 2626 nuntiatur.
651 2571 835 2642 Proprietates
846 2572 922 2626 enim
934 2589 985 2624 no-

180 2645 287 2700 minum
300 2665 318 2701 a
331 2645 504 2717 sapientibus
519 2645 624 2715 positae
635 2645 758 2716 ipsarum
771 2662 863 2702 rerum
874 2645 984 2702 indices
