2050 3100
147 103 195 156 336
270 106 366 150 PHIL.
389 103 465 150 IUD.
487 102 649 161 Quaeso.
669 101 719 150 ΕΤ
737 102 815 148 SOL.
835 97 950 164 [mlta]

145 225 205 263 rum
216 206 387 279 prolixitate,
409 204 458 261 sed
467 203 651 276 perlectorum
660 219 837 258 numerorum
846 221 949 258 aseen—
1017 226 1018 241 2

144 285 235 346 sione,
256 299 328 353 quae
342 280 444 336 honora
459 287 524 336 sunt
538 278 638 352 dignae
649 287 731 350 atque
740 280 946 352 praerogativa.

182 437 261 498 Quare
279 439 348 489 dte-tn·
373 437 539 502 „Adorabunt
556 454 573 485 α
590 435 658 501 longo
675 435 831 486 domimum
847 436 909 501 (ib.)

199 561 242 614 28.
263 556 500 624 Quemadmodum
509 557 559 628 qui
569 570 655 628 prope
664 557 759 628 ignem
768 563 846 619 sunt,
865 571 948 610 oom-

144 634 294 700 buruntur,
339 634 369 686 ui
383 649 448 688 vero
465 631 561 703 procul
576 639 675 699 stante
690 630 770 703 longe
785 639 946 686 mensurato

143 705 301 770 intervallo,
320 649 364 781 ῚἿ
382 709 556 762 securitatem
570 705 685 760 habent:
711 706 753 761 sio
766 721 810 760 res
825 704 945 760 hahetur

142 781 294 846 inanimis.
333 779 472 847 Quaeoum
493 798 529 837 ue
542 781 617 836 enim
628 781 717 836 anima
727 782 846 848 nimium
854 796 945 852 prope

143 855 262 921 aceedit,
293 855 453 912 desiderans
474 798 519 911 dei
541 855 690 925 visionem,
721 873 775 912 non
797 856 941 930 intelligit,

143 931 218 1004 quod
236 932 415 1000 consumitur.
455 930 530 998 Quae
548 948 615 985 vero
632 930 728 1002 prooul
747 939 830 987 stata
847 930 941 1004 longe,

144 1025 198 1063 non
213 1007 332 1080 amplius
347 1007 486 1062 mdiorum
501 1005 632 1078 splendor
646 1023 706 1061 eam
719 1007 868 1071 oomburit,
891 1008 944 1061 sed

143 1081 281 1140 moderate
290 1081 480 1138 calefacientes
491 1079 646 1137 refocillant
656 1082 798 1139 vitalitate.
824 1083 944 1143 llooau-

143 1168 198 1214 tem
213 1159 315 1215 dieitur
333 1157 711 1224 seeundumdissolutionem
725 1165 752 1213 et
769 1157 942 1227 evulsionem

142 1234 256 1306 perlecti
271 1233 481 1307 prophetioiqua
494 1233 665 1297 intellectus,
687 1233 732 1288 oui
742 1231 806 1286 lieet
816 1233 884 1296 etin
894 1249 945 1300 ea-

143 1310 257 1383 liginem
278 1313 378 1365 intrare
398 1310 471 1364 etin
492 1309 561 1362 atrio
581 1309 673 1380 regiae
694 1306 818 1381 hahitare
841 1309 942 1378 patris.

141 1385 230 1450 Quare
242 1387 324 1440 etiam
335 1384 464 1452 animalia
474 1380 611 1455 quaedam
620 1390 698 1447 suut,
717 1398 788 1453 quae
798 1382 944 1442 ambulant

142 1459 273 1531 degentes
284 1461 313 1514 in
324 1461 389 1532 igne
399 1459 424 1532 (a
434 1475 489 1530 quo
499 1466 605 1526 caetera
615 1457 849 1532 corrumpuntur),
861 1480 945 1533 napa,-

141 1537 204 1607 yart
214 1533 365 1609 (ignigenfi)
376 1534 458 1599 diota.

144 1706 192 1757 Cur
212 1707 309 1771 draemt,
339 1708 405 1773 quod
420 1708 544 1775 „Moyses
564 1710 627 1759 solra
644 1709 740 1759 accedet
757 1708 792 1758 od
806 1709 888 1771 mm,
918 1721 943 1758 at

207 1776 243 1825 illi
266 1792 312 1825 non
337 1778 576 1841 appropinquabunt:
600 1777 704 1843 populus
730 1788 806 1826 autern
827 1793 875 1826 noa
897 1777 943 1826 nd-

207 1844 302 1893 acendot
319 1860 369 1896 oum
387 1846 459 1894 eis“l
477 1850 530 1911 (24,
544 1848 580 1908 l.)

196 1965 237 2032 29.
259 1962 330 2037 Prolr
343 1964 474 2037 optimam
488 1964 627 2037 deumque
635 1965 777 2020 decentem
788 1963 943 2037 ordinatio-

142 2038 218 2093 nem!
233 2038 426 2110 propheticum
437 2040 527 2095 solum
537 2040 709 2096 intellectum
718 2040 942 2112 appropinquare

140 2114 175 2168 ed
190 2114 286 2183 deum;
313 2113 449 2178 secundos
465 2124 556 2172 autem
571 2134 682 2179 sursum
692 2115 853 2186 ascendere,
874 2132 943 2186 per-

141 2198 235 2263 gentes
246 2192 320 2245 viam
331 2191 360 2245 in
371 2191 477 2245 caelum
488 2190 647 2260 ducentem3
656 2200 659 2203 ’
669 2192 764 2262 tertios
773 2206 839 2261 uero
849 2205 943 2261 popu-

140 2266 210 2321 lares
221 2283 309 2322 mores
320 2266 494 2322 conturbatos
504 2284 556 2321 neo
566 2284 676 2322 sursum
686 2264 833 2322 ascendere
848 2266 942 2336 neque

140 2359 203 2396 oum
214 2342 250 2396 iis
261 2342 422 2412 ascendere,
441 2340 536 2396 videre
546 2350 651 2408 tamen,
672 2342 722 2413 qui
732 2342 869 2397 visionem
879 2358 944 2395 me-

139 2426 212 2479 rent,
240 2415 348 2471 felicem
366 2417 395 2470 in
414 2432 526 2470 sursum
540 2412 624 2471 v'iam.
666 2416 739 2471 lllud
759 2424 851 2471 autam
868 2419 944 2470 eolus

139 2495 245 2543 aooedot
255 2492 338 2544 nimis
351 2490 511 2544 naturaliter
522 2490 691 2545 dictumest:
712 2493 845 2562 quoniam
855 2491 943 2545 intel-

139 2560 226 2614 lectus
241 2564 432 2634 propheticus,
454 2580 542 2633 quum
557 2564 662 2619 divinis
677 2566 803 2620 initiatus
814 2565 899 2619 luerit
909 2582 941 2619 ac

139 2630 239 2697 deifer,
254 2637 353 2691 unitati
363 2636 463 2690 similis
474 2646 527 2701 est,
540 2640 644 2693 nemini
653 2640 765 2711 penitus
776 2641 880 2695 mixtus
892 2657 941 2695 eo·
