2050 3100
66 24 273 38 -,..,-,.-ι-..-ιιι-
282 23 439 33 --ι--,--ι-

55 251 89 318 [1,
102 248 144 316 it]
178 253 228 299 DE
247 252 519 302 enovtnnunin
537 253 665 302 SERMO
683 255 717 302 11.
811 249 846 303 95

114 356 201 409 Verum
223 364 248 409 te
269 361 298 409 iu
320 368 400 409 curru
420 355 490 410 lauta
511 371 573 424 eque
592 358 654 410 deus
673 357 710 425 (s.
731 361 759 410 iu
778 355 847 410 lovis
884 421 888 428 .

160 446 224 496 equo
242 431 318 500 derce)
339 446 401 498 roqo
504 437 507 444 '

110 505 234 558 indemnes
252 508 288 558 ud
307 508 500 572 temperantium
518 508 571 558 aiot
590 509 804 560 commutationes.

112 578 194 645 Quum
212 582 333 642 cantabo,
353 596 368 632 o
386 573 498 647 q'lortom
517 583 629 634 modesta

160 657 317 721 aequissimo
337 653 370 723 (s.
392 653 608 724 communissima)
627 656 692 710 orel

111 764 151 815 8l.
173 759 290 814 istarum
305 768 395 815 autem
409 776 501 816 rerum
515 760 630 816 scientia
645 769 749 816 amatu
759 762 846 826 malo-

52 853 116 892 rum
136 835 297 890 daemonum
316 852 348 888 ac
364 834 583 890 terroreindicio
597 853 647 890 suc
662 837 768 891 eximit.
808 837 846 892 De

49 913 99 968 his
111 926 187 982 ergo,
208 926 279 980 quae
293 910 329 963 ad
342 911 454 982 singula
467 911 641 979 speptabant,
663 911 768 966 dictum
787 920 842 977 est;

48 993 158 1057 oportet
165 993 255 1040 tamen
265 993 292 1040 et
300 984 336 1040 de
344 986 451 1040 cunctis
461 984 544 1038 simul
556 983 585 1038 id
595 1001 716 1039 noscere.

109 1095 150 1148 82.
173 1092 225 1146 Per
237 1091 439 1162 providentiam
453 1092 585 1145 nimirum
604 1091 705 1146 dicitur
724 1092 845 1146 mundus

47 1167 126 1239 regi,
146 1183 198 1220 non
212 1166 287 1237 quod
301 1169 424 1221 omnium
438 1163 524 1220 causa
534 1164 601 1220 deus
616 1167 652 1220 sit
662 1197 700 1207 -
709 1183 760 1220 nec
770 1167 845 1220 enim

48 1241 185 1298 malorum
204 1257 294 1311 neque
313 1257 420 1304 eorum,
441 1257 512 1311 quae
532 1248 606 1294 extra
627 1248 751 1294 naturam
766 1239 843 1304 fiunt,

46 1331 142 1387 neque
152 1330 259 1379 eorum,
280 1332 351 1386 quae
361 1315 469 1369 nullum
478 1323 616 1386 praestant
625 1331 708 1369 usum
717 1314 844 1368 utilitatis

46 1394 145 1465 (causa
154 1407 203 1461 per
216 1407 245 1444 se
259 1390 424 1462 comperitur
437 1390 516 1461 deus)
530 1419 580 1453 —,
602 1389 651 1443 sed
667 1388 846 1460 quemadmo-

47 1464 196 1522 dum'urbs
206 1465 327 1520 virtuosa
335 1481 386 1536 per
396 1465 484 1537 legem
499 1465 602 1518 dicitur
614 1465 686 1537 regi,
710 1472 845 1536 quatenus

45 1538 219 1598 abundantia
229 1540 258 1594 in
269 1559 300 1595 ea
314 1548 340 1595 et
353 1558 396 1595 res
412 1540 605 1604 necessariae,
616 1540 745 1604 consilia,
766 1539 846 1611 prin-

44 1620 142 1689 cipes,
162 1615 282 1679 iudices,
300 1616 395 1670 laudes
404 1615 575 1686 honoresque
586 1614 679 1679 bonis,
697 1615 845 1687 reprehen-

42 1694 143 1748 siones
153 1698 180 1745 et
193 1690 335 1762 supplicia
343 1707 492 1762 poenarum
506 1691 618 1744 iniustis
626 1718 644 1755 ,·
655 1699 682 1745 st
694 1706 846 1762 quaecum-

41 1781 104 1839 que
116 1763 151 1819 ad
160 1764 228 1819 haec
237 1765 392 1819 referuntur
401 1766 519 1837 optimae
533 1766 752 1830 constitutiones,
775 1765 845 1819 bene

41 1840 175 1898 ordinata
185 1847 262 1903 sunt,
279 1839 426 1895 violentiae
436 1857 500 1894 vero
510 1848 537 1894 et
547 1842 658 1911 rapinae
669 1858 700 1895 ac
715 1841 846 1897 consimi-
887 1868 890 1875 ι

41 1918 118 1974 lium
130 1931 184 1969 non
195 1913 240 1967 lex
250 1916 278 1967 in
288 1932 370 1968 causa
381 1923 430 1978 est,
442 1915 492 1969 sed
501 1916 633 1987 iniquitas
642 1916 794 1971 incolarum
806 1916 846 1969 le-

36 2007 110 2065 gem
135 1990 376 2043 contemnentium.
424 1989 558 2045 Similiter
577 2008 625 2060 per
644 1991 845 2062 providentiam

36 2064 106 2137 regi
117 2062 240 2117 mundus
250 2064 365 2128 dicitur,
377 2080 431 2117 non
442 2065 516 2135 quod
526 2066 617 2119 omnia
627 2074 753 2136 procuret
764 2064 842 2126 deus,

36 2139 96 2195 sed
110 2138 180 2209 quia
195 2138 315 2210 dignitas
330 2140 389 2193 eius
405 2147 516 2193 naturae
531 2148 585 2203 est,
607 2150 637 2194 ut
651 2142 762 2195 omnino
773 2139 844 2193 bona

35 2213 254 2283 utilissimaque
273 2216 323 2281 sit3
355 2215 488 2268 contraria
505 2230 570 2268 vero
590 2213 634 2268 vel
654 2216 782 2269 materiae
801 2213 843 2266 vel

35 2288 171 2349 malitiae
182 2295 294 2343 naturae
304 2288 497 2343 immoderatae
508 2286 545 2365 [*]
557 2289 655 2343 erroris
666 2296 730 2343 sunt
745 2287 842 2349 loetuS,

33 2380 167 2436 quorum
177 2362 245 2417 deus
256 2380 310 2418 non
320 2372 361 2417 est
371 2379 463 2418 causa.

98 2474 147 2525 83.
168 2469 364 2526 Arrxrronn.
379 2471 470 2535 Verba
479 2469 639 2525 huiusmodi
650 2469 845 2539 assentationes
902 2500 903 2504 =

32 2554 124 2609 sunt,
147 2544 253 2615 quibus
267 2554 364 2619 putant
378 2545 466 2617 aliqui
483 2546 594 2600 allicere
608 2544 691 2601 deum
706 2541 741 2597 ad
759 2544 846 2597 instar

30 2620 208 2683 hominurn,
219 2622 268 2692 qui
279 2620 449 2675 delectantur
459 2619 625 2675 adulatione.
664 2619 808 2689 Alioquin,
821 2618 844 2672 si

30 2703 115 2750 certa
132 2709 258 2765 veraque
277 2703 350 2750 esset
363 2694 550 2766 providentia,
572 2709 634 2757 cur,
656 2708 771 2764 quaeso,
791 2709 846 2747 non

28 2779 94 2825 tota
114 2777 194 2825 terra
211 2770 365 2825 universim
378 2768 526 2824 habitanda
541 2766 653 2833 fuisset,
675 2767 709 2823 ad
723 2784 846 2824 normam
