2050 3100
58 102 178 168 [uara]
242 107 689 155 INGENEsJN.sE1tn01V.
823 104 870 155 483
913 96 916 105 '

109 255 151 320 [Ἴ
175 253 242 311 Quid
262 264 297 304 ast
305 255 409 317 „Erant
425 257 514 322 petrini
530 256 554 305 in
571 267 637 305 atero
655 255 745 304 eius“?
763 258 822 319 (ib.)

122 372 183 423 459.
214 368 316 423 Littera
326 370 394 423 satis
408 376 470 423 nota
485 376 528 423 est
542 366 741 423 otmanilesta:
772 380 869 423 verum

61 442 220 517 symbolice
230 458 284 496 non
295 442 378 497 debet
388 444 523 515 ignorari,
534 442 623 515 quod,
635 442 869 515 quemadmodum

61 537 99 573 cx
112 534 171 573 una
185 516 280 571 radice
294 517 349 572 duo
363 518 469 573 surculi
484 518 653 590 germinant,
676 517 772 571 eodem
787 518 869 573 modo

62 612 99 647 ex
108 610 168 648 una
178 591 332 663 eademque
343 600 434 647 mente
445 593 553 664 specics
564 599 622 646 tum
634 592 709 657 boni,
721 601 779 647 tum
791 594 866 656 mali,

61 686 136 740 quae
151 676 249 721 natura
264 667 391 739 geminae
407 674 481 721 sunt.
521 666 656 733 Quoniam
670 682 757 721 unum
773 666 869 741 effugit

62 744 176 797 animus
187 758 238 796 nec
247 750 337 814 potest
347 743 501 814 cooperari,
517 741 566 796 sed
577 749 683 796 servata
694 741 869 812 proximitate

63 825 209 872 aversatur
229 825 256 871 et
275 816 334 871 abit
353 818 382 871 in
398 816 529 871 alterum:
560 816 711 887 acqualiter
726 834 791 871 sane
807 817 868 872 alli—

62 894 177 947 ciuntur
190 892 274 946 etiam
289 893 419 955 virtutes,
441 909 513 964 quae
529 892 624 946 insunt
643 892 759 965 corpori.
797 892 867 947 Nam

63 966 168 1039 cupido
182 966 333 1038 voluptatis
348 974 375 1021 et
389 966 497 1021 dolores
513 984 548 1021 ex
562 983 617 1021 una
632 975 696 1022 sunt
710 961 816 1030 radice,
837 963 867 1021 ut

63 1044 143 1114 poe'ta
159 1041 211 1107 ait;
237 1050 264 1095 et
277 1058 348 1113 quae
358 1058 393 1098 ex
402 1056 458 1096 uno
467 1042 571 1096 vertice
581 1040 709 1096 distincta
721 1040 867 1113 divisaque

63 1124 143 1181 sunt,
159 1117 306 1186 utriusque
320 1132 414 1172 eorum
423 1117 595 1171 summitates
606 1122 746 1188 separatae
757 1130 867 1185 compe-

63 1192 188 1246 riuntur:
220 1199 303 1263 atque
316 1193 354 1246 ita
364 1192 508 1265 contrariis
518 1191 620 1246 cedunt
631 1208 645 1245 a
655 1190 794 1262 principio
803 1206 867 1260 par-

64 1266 141 1321 tibus
150 1267 336 1337 principatus.
363 1268 488 1337 Namque
498 1283 585 1339 quum
597 1264 690 1320 fortior
701 1281 732 1318 ac
742 1264 867 1335 superior

64 1343 101 1395 sit
114 1342 257 1412 voluptate
271 1340 361 1407 dolor,
383 1340 432 1395 illa
446 1343 537 1396 vitans
549 1340 684 1408 abscedit3
712 1340 765 1394 isto
776 1346 866 1393 autem

64 1416 239 1488 deprehenso
253 1415 329 1471 illico
343 1416 420 1489 viget
435 1416 584 1488 cupiditas.
624 1413 758 1472 Similiter
773 1415 830 1488 agit
840 1421 866 1469 ct

64 1492 154 1545 omnis
170 1492 260 1546 virtus
275 1508 340 1566 erga
354 1508 463 1546 omnem
478 1491 626 1558 malitiam,
648 1499 674 1547 et
687 1508 702 1545 e
715 1494 863 1546 contrario:
941 1496 950 1515 ⁰

183 1767 248 1826 Quid
263 1777 298 1820 est
315 1767 421 1831 „Erant
435 1769 526 1834 pemati
541 1769 565 1818 in
582 1779 647 1820 utero
665 1769 761 1820 eias“i·

124 1890 183 1941 159.
204 1887 312 1942 Dictum
322 1889 454 1943 oratoriae
464 1893 552 1959 patet,
565 1893 668 1941 certum
680 1894 730 1941 est.
770 1887 866 1943 Morali

65 1979 131 2016 vero
140 1962 213 2034 stylo
224 1979 278 2016 non
292 1971 398 2034 oportet
411 1964 551 2035 ignorare,
573 1963 645 2016 sicut
660 1979 695 2016 ex
709 1977 764 2016 una
780 1962 866 2031 stirpe

66 2037 121 2092 duo
134 2037 263 2091 oriuntur
277 2039 361 2101 rami,
381 2038 419 2093 ita
433 2054 469 2091 ex
479 2053 535 2091 rma
545 2045 635 2096 moute
645 2037 743 2091 melior
753 2044 780 2091 et
789 2036 866 2090 dete-

65 2113 122 2166 rior
135 2112 244 2183 species
258 2113 391 2166 nascitur.
430 2110 464 2166 Et
476 2111 591 2182 quidem
607 2113 716 2184 gemina
734 2119 798 2165 sunt
816 2126 866 2181 pro

66 2191 178 2249 natura,
198 2194 344 2241 cunctante
359 2187 450 2242 anima
464 2200 516 2257 pro
529 2194 708 2257 utrorumque
717 2185 864 2255 obsequio:

65 2278 115 2332 per
124 2260 280 2316 absentiam
289 2262 365 2316 enim
377 2262 463 2316 unius
474 2261 646 2319 obsecundat
659 2261 757 2323 altero,
779 2259 867 2314 simili

66 2336 136 2392 vitio
145 2335 313 2390 valitudinis
323 2336 482 2408 corporalis.
511 2335 697 2392 Libidoenim
708 2342 734 2389 et
745 2333 822 2388 dolor
832 2343 867 2386 err

67 2428 122 2465 una
132 2409 240 2474 radice,
259 2411 413 2470 secundum
426 2412 565 2483 posticium
579 2427 699 2466 emman.
739 2405 867 2478 agitante

68 2486 143 2539 enim
151 2484 273 2540 libidine
282 2485 360 2541 dolor
370 2486 483 2541 celatur.
498 2510 500 2513 ·
512 2487 595 2540 Porro
604 2487 630 2540 si
639 2486 664 2540 is
674 2481 806 2543 tenuerit,
818 2480 867 2534 illa

68 2559 243 2614 subducitur.
282 2562 323 2615 lta
336 2577 431 2615 omnes
445 2561 561 2615 virtrrtss
571 2567 666 2614 eontra
674 2555 808 2610 malitiam
817 2553 869 2606 ha-

68 2634 183 2698 bentur,
199 2644 320 2690 econtra
329 2637 498 2690 malitiarum
507 2641 645 2690 momenta
655 2626 805 2686 virtutibus
818 2626 869 2682 ad·
