2050 3100
164 133 213 185 348
282 137 378 181 rum.
397 136 469 181 run.
489 135 654 192 Quaesr.
673 135 724 180 er
743 135 823 180 son.
849 128 901 194 [11,
915 131 977 194 soa]

165 249 245 310 atque
260 237 391 292 victoriae
404 237 516 308 signum
530 234 668 290 adhibens
683 234 770 289 dubio
784 236 885 290 animo
909 237 979 290 hae-

164 314 288 370 rentibus
298 312 426 366 conciliat
435 311 559 383 legitime
567 311 685 365 iustum.
723 311 828 364 Littera
838 312 912 366 talis
924 321 976 366 est.

163 389 206 444 Ad
216 395 335 442 mentem
345 403 410 441 vero
419 386 474 440 duo
483 385 580 440 fratres
593 394 659 439 sunt
672 385 703 438 in
716 385 824 440 anima:
855 387 978 442 intelle-

164 473 223 518 ctus
235 472 261 517 et
269 463 396 518 verbum.
429 460 570 516 Meliorem
579 461 684 531 itaque,
695 460 750 514 alio
761 462 879 516 nomine
892 479 976 516 mens

164 545 290 600 vocatus,
310 539 394 592 ilonea
404 537 517 590 sortitus
527 545 569 590 est
578 542 698 606 partem,
721 535 805 589 deum
815 536 974 602 videlicet;

164 613 297 665 minorem
307 628 380 675 vero,
393 610 508 666 verbum
519 611 626 665 seilicet
635 610 917 681 appellatuedaron,
924 612 976 666 ho-

163 685 270 739 minum
288 687 450 757 portionem.
497 685 619 741 Verbum
637 692 730 740 autem
749 686 864 740 vilioris
887 695 974 758 atque

163 759 283 831 improbi
306 759 451 814 obscurius
474 769 532 828 est;
572 760 701 830 quamvis
721 761 797 814 enim
817 762 974 834 magnifice
1012 794 1013 797 =

164 842 326 890 consecutus
342 833 424 890 luerit
438 831 588 907 (uerbum),
609 833 803 889 obnubilatum
820 845 877 890 est.
921 839 972 890 llo-

163 911 233 964 mini
243 927 308 965 vero
318 909 453 983 (verbum)
463 909 669 964 lucidissimum
679 918 735 972 est,
754 911 808 964 etsi
824 913 856 964 in
872 929 924 967 ore
937 914 972 966 sit

164 994 245 1056 atque
254 985 349 1058 lingua
359 985 553 1040 instrumentis
558 982 633 1038 haud
644 984 728 1037 nimis
739 987 892 1056 coaptatis.
907 987 972 1042 Ideo

163 1078 228 1116 sane
239 1061 321 1116 etiam
331 1061 394 1124 Hor,
409 1057 446 1134 [*]
456 1060 505 1130 qui
516 1059 572 1113 lux
584 1057 675 1122 audit,
687 1058 847 1132 adiungens
857 1061 972 1117 ordinat

163 1152 227 1190 cum
237 1136 427 1208 sapiente‚per
436 1133 593 1207 symbolum
603 1150 728 1198 monens,
736 1134 970 1205 quodlueiforme

164 1211 347 1284 estsapientis
358 1208 487 1272 verbum,
505 1225 559 1263 non
569 1209 639 1279 ipsis
649 1207 758 1273 verbis,
779 1210 874 1266 sedin
884 1213 969 1268 rebus

164 1287 297 1356 expositis
307 1285 494 1338 demonstrans
504 1282 752 1354 pulchritudinem.

221 1481 285 1537 Quid
301 1493 334 1532 eat
351 1482 410 1546 „Er
427 1482 545 1532 deseendit
561 1482 641 1547 ylario
659 1483 700 1532 dei
714 1499 786 1548 super
809 1497 917 1536 montem

431 1547 536 1599 Sina“t
559 1551 612 1614 (24,
633 1553 686 1611 16.)

218 1684 259 1735 45.
280 1681 428 1735 Evidenter
436 1682 542 1752 pudore
557 1684 674 1758 aftioit*l
688 1703 749 1751 eos,
769 1688 820 1760 qui
836 1690 901 1745 sive
915 1693 968 1745 im-

162 1755 208 1825 pie
218 1756 277 1808 sive
288 1756 369 1809 stulte
380 1756 539 1813 existimant
550 1760 664 1814 localem
677 1778 710 1815 ac
723 1762 895 1820 mutabilem
910 1784 968 1821 mo-

161 1838 220 1907 tum
231 1830 321 1883 inesse
332 1829 481 1885 divinitati.
506 1834 577 1889 Ecce
587 1836 661 1889 enim
671 1836 819 1892 manifeste
830 1856 889 1894 non
900 1842 967 1897 sub-

162 1904 289 1958 stantiam
300 1903 359 1967 dei,
376 1920 446 1975 quae
457 1909 610 1964 seeundum
620 1912 770 1965 essentiam
780 1913 873 1968 solam
884 1916 967 1972 intel·

162 1978 271 2049 ligitur,
293 1977 504 2035 descendentem
515 1985 566 2046 ait,
587 1984 636 2038 sed
648 1986 767 2057 gloriam
776 2005 872 2043 suam.
911 1994 966 2052 Du.-

161 2053 228 2121 plex
237 2060 327 2107 autem
338 2062 379 2109 est
388 2054 491 2127 gloriae
504 2059 614 2112 notitia:
637 2076 706 2124 una,
717 2070 861 2131 quatenus
872 2083 966 2121 essen·

161 2127 228 2181 tiam
241 2127 361 2183 ostendit
376 2131 522 2193 virtutum,
543 2149 607 2185 nam
621 2142 649 2187 et
662 2136 737 2207 regis
752 2135 861 2193 dicitur
879 2142 966 2213 gloria

161 2203 249 2257 virtus
265 2204 414 2270 exercitus;
446 2205 544 2269 altere,
565 2215 702 2277 quatenus
716 2211 883 2281 opinionem
903 2234 965 2272 cau·

161 2285 202 2332 sat
221 2275 308 2332 solam
321 2277 436 2348 putandi
451 2278 547 2333 videre
562 2281 679 2352 gloriam
694 2282 838 2353 divinam,
862 2290 964 2347 faciens

161 2351 190 2405 in
207 2352 407 2407 occurrentium
426 2361 518 2406 mente
536 2358 736 2425 apparitionem
752 2360 896 2421 adventus
910 2368 962 2431 dei,

161 2428 240 2492 quasi
255 2442 332 2488 vero,
354 2425 403 2493 qui
418 2442 471 2479 non
485 2425 527 2480 ibi
542 2426 639 2494 fuerit,
661 2449 725 2487 eece
739 2434 798 2489 iam
812 2444 924 2497 venerit
932 2441 962 2496 ad

163 2496 266 2552 firmam
277 2498 358 2551 fidem
369 2498 437 2567 legis
448 2498 606 2556 tradendae.
645 2506 724 2561 Mons
738 2518 834 2566 autem
847 2513 962 2572 familia.

162 2607 368 2621 w-

211 2664 237 2723 'l
248 2666 279 2703 Os.
295 2676 358 2712 supra
371 2666 417 2705 Vol.
432 2667 468 2705 Vl.
481 2680 502 2717 p.
517 2673 561 2710 274.
709 2662 717 2671 '
