2050 3100
166 165 196 215 40
289 167 386 213 erun
405 165 480 212 mn.
499 163 661 222 Quanam
679 163 729 209 uu
752 165 830 210 sor.
848 155 891 225 [11,
902 159 964 226 ua]

162 272 194 325 in
209 276 328 322 mentem
342 275 370 322 et
383 267 413 320 in
425 264 543 321 verbum
553 263 733 336 prolativum,
754 263 897 319 sensibilis
911 281 965 320 au-

163 353 219 399 tem
229 343 258 396 in
268 349 385 414 quatuor
394 357 506 407 sensus;
533 357 598 393 nam
612 339 740 411 quintus,
761 347 863 403 tactus,
885 356 964 394 oom-

163 418 257 472 munis
266 424 382 487 quatuor
391 415 449 469 illis
460 423 511 469 est.
551 413 671 480 Quorum
681 413 750 477 duo,
766 414 870 486 quihus
880 413 964 469 vide·

163 509 226 548 mus
244 499 271 545 et
288 491 430 551 audimus,
451 489 612 562 philosophi
631 497 708 551 sunt,
730 489 768 542 ita
787 496 819 543 ut
833 504 885 560 per
896 488 963 542 illos

163 567 235 621 bene
243 566 339 620 vivere
349 564 508 636 acquiratur
517 564 546 617 in
557 563 650 631 nobis3
679 563 779 633 reliqui
790 562 963 634 non-pbilo-

163 640 258 712 sophi‚
279 639 408 694 odoratrm
421 647 449 694 et
462 647 574 711 gustus,
596 638 711 692 serviles
726 645 803 700 suut,
823 636 857 691 ad
871 637 963 692 solum

163 713 316 771 vivendum
343 713 421 768 lacti:
463 713 593 767 odoratus
617 713 692 766 enim
716 729 765 782 per
787 710 963 766 ellectionem

163 790 244 862 plura
258 789 379 843 eontinet
392 804 454 842 sese
468 787 635 858 excipientia
653 794 680 840 et
694 786 851 840 continuam
872 787 964 857 spira-

162 866 266 920 tionem
276 871 418 934 tamquam
426 862 588 917 continuum
598 861 693 916 cibum
704 861 871 928 viventium3
887 857 922 933 [*]
937 870 964 916 et

162 945 261 1011 gastus
276 954 326 1009 per
340 938 435 992 cibum
449 943 477 992 et
489 943 585 1008 potum
600 936 686 990 iuvat.
725 936 819 1006 ltaque
833 933 964 992 odoratus

163 1022 190 1070 et
199 1021 298 1084 gustus
308 1012 422 1068 mortale
431 1011 484 1066 hoo
494 1026 594 1081 corpus
607 1010 756 1073 sustinent,
779 1010 857 1064 visus
871 1016 963 1066 autem

163 1096 190 1142 et
200 1087 312 1143 auditus
323 1086 472 1143 immortali
481 1085 567 1140 menti
580 1085 727 1140 utilitatem
736 1091 885 1156 praestant.

218 1170 275 1225 ldae
288 1187 353 1243 ergo
367 1168 520 1225 divisiones
539 1166 725 1222 membrorum
743 1173 898 1220 nostrorum
916 1182 963 1220 se·

163 1244 287 1300 eundum
300 1261 401 1316 eorpus
415 1253 442 1299 ct
456 1244 577 1298 animam
591 1241 717 1296 eoncisae
732 1239 844 1294 luerunt
857 1257 872 1294 a
885 1256 962 1295 crea-

162 1329 231 1375 tore.
270 1319 422 1374 Sciendum
431 1327 523 1372 nmen
534 1323 588 1379 est,
603 1314 678 1386 quod
688 1315 770 1370 etiam
779 1322 871 1386 partes
880 1331 962 1370 mun-

163 1393 193 1448 di
208 1393 355 1462 bipartitae
369 1399 434 1446 sunt
448 1398 475 1445 et
488 1397 581 1444 contra
595 1405 626 1443 sa
643 1389 764 1444 invicem
783 1390 960 1445 constitutae:

162 1477 234 1521 terra
253 1465 283 1518 in
302 1466 388 1520 situm
407 1472 568 1518 montanum
581 1471 608 1516 et
622 1472 815 1536 campestrem
846 1481 918 1536 equa
931 1465 961 1520 in

163 1538 274 1595 dulcem
293 1546 321 1594 et
339 1537 453 1603 salsam,
474 1537 586 1593 dulcem
599 1545 667 1610 puta
681 1556 754 1605 eam,
779 1557 863 1612 quam
876 1540 962 1596 mini-

162 1622 251 1670 strant
260 1612 348 1669 fontes
358 1621 385 1668 ct
395 1629 502 1678 amnes,
523 1613 625 1669 salsam
638 1631 703 1669 vero
717 1616 864 1680 marinam3
889 1616 963 1671 sicut

163 1697 192 1745 et
205 1690 251 1745 ae'r
265 1689 294 1744 in
310 1688 431 1743 hiemem
444 1695 472 1744 et
485 1696 628 1748 aestatem.
652 1689 750 1744 itidem
766 1691 795 1744 in
809 1708 859 1745 ver
872 1698 900 1746 et
912 1708 962 1745 au-

163 1776 301 1820 tumnum.
339 1764 410 1818 Hinc
418 1764 572 1819 Heraclitus
587 1764 673 1820 libros
688 1756 851 1836 conscripsit
864 1765 899 1820 de
911 1782 962 1820 na-

164 1850 238 1903 tura,
259 1837 421 1911 aTheologo
431 1846 524 1894 uestro
533 1847 674 1894 mutuatus
683 1840 832 1894 sententias
846 1841 881 1895 de
896 1856 962 1895 eon-

162 1914 269 1977 trariis,
304 1911 406 1968 additis
429 1912 574 1969 immensis
598 1914 690 1985 iisque
711 1914 857 1970 laboriosis
879 1932 963 1987 argu-

163 1988 274 2043 mentis.

201 2233 281 2293 Quare
299 2235 370 2287 dicit:
395 2236 485 2301 „Aves
501 2247 579 2288 auten
596 2253 645 2288 aon
661 2236 780 2288 dinewr
799 2242 852 2303 (15,
874 2240 928 2298 lo.)

220 2388 246 2440 6.
276 2384 429 2442 Adumbrat
447 2388 573 2458 quintam
593 2394 619 2441 et
637 2388 805 2459 periodioam
824 2397 961 2452 naturam,

165 2478 201 2515 ex
212 2476 267 2532 qua
278 2460 393 2515 maiores
407 2461 559 2531 perlectum
576 2460 672 2517 dicunt
685 2464 802 2520 caelum.
842 2463 964 2530 Quatuor

165 2536 240 2590 enim
254 2534 387 2589 elementa
402 2535 538 2588 mixturae
548 2543 612 2588 sunt
621 2537 713 2605 potius
723 2554 807 2608 quam
816 2538 962 2601 elementa,

165 2610 269 2681 quihus
286 2607 444 2663 subdividit
456 2608 512 2661 iam
526 2607 617 2661 divisa
631 2609 661 2661 in
676 2610 706 2663 id
721 2610 758 2681 (s.
776 2630 811 2668 ex
825 2612 902 2685 illo),
927 2628 965 2665 ex

164 2699 220 2752 quo
235 2684 382 2739 commixta
396 2690 473 2737 sunt:
499 2689 530 2736 ut
543 2688 613 2737 terra
629 2682 768 2741 concludit
781 2686 895 2742 insede
906 2686 965 2741 ele-
