2050 3100
46 123 79 190 [ι,
93 121 142 186 aa]
187 127 238 173 nn
256 97 533 173 rnovrnanm
556 125 683 174 senno
702 129 722 173 1.
819 123 853 178 27

46 243 171 300 rumque
180 243 272 282 rernm
283 226 376 298 specie
386 225 508 298 decepti,
529 244 616 298 quum
631 237 769 300 nequeant
778 229 854 300 ipsa-

46 319 113 358 rum
136 301 236 356 damna
260 300 345 367 ferre,
380 301 446 357 binc
467 303 497 356 in
520 303 605 357 vitam
626 304 741 374 impiam
763 304 854 360 adbuc

45 377 203 433 violentius
217 375 403 432 adducuntur.
441 375 498 432 Sed
509 380 642 449 quoniam
657 379 702 434 isti
715 380 854 451 penitusa

47 452 166 507 divinae
183 451 375 523 providentiae
392 453 467 506 curis
487 467 572 524 super
590 452 727 509 humanae
746 455 854 510 animae

48 526 191 599 originem
200 543 262 581 esse
271 525 459 592 abduxerunt,
471 527 541 582 iram
550 543 620 592 eam,
632 545 703 601 quae
714 530 854 586 universis

48 602 197 656 elementis
206 601 342 665 imminet,
355 609 382 656 et
391 602 448 673 ipsi
457 601 601 668 subibunt,
613 611 639 658 et
649 605 780 676 quoniam
789 621 854 676 per·

49 675 237 731 lectissimum
246 675 299 731 boc
308 693 379 747 opus
387 676 579 748 providentiae
591 677 753 736 subtrahere
763 681 853 736 conati

49 760 131 814 eunt,
147 758 272 805 cessante
280 751 467 822 pulcherrimo
476 751 529 807 boo
538 754 641 807 summi
652 755 781 810 creatoris
791 756 853 827 opie

49 825 237 890 ficio,eadem
247 827 340 898 etipsi
348 826 503 882 calamitate
512 826 706 884 obvolventur.
742 829 853 885 Etenim

49 901 101 971 qui
111 900 303 956 inobedientes
313 902 457 966 exstitere,
477 901 523 956 bis
536 901 705 974 condignum
715 902 851 959 iudicium

51 974 198 1040 retribuet,
209 993 242 1031 ec
250 978 476 1048 compotationem
483 1017 497 1040 ,
505 985 536 1031 ut
545 977 582 1030 ite
593 976 697 1041 dicem,
714 978 851 1034 iucundae

51 1050 173 1105 laetitiae
182 1051 240 1106 illis
251 1049 320 1106 deus
330 1051 446 1106 adimet:
461 1059 520 1106 tum
530 1051 622 1122 ipsum
638 1053 851 1108 instrumentum

49 1126 228 1196 operationis,
245 1134 388 1182 venustam
399 1125 524 1199 (scilicet)
534 1123 632 1180 mundi
642 1126 764 1197 speciem
774 1128 851 1181 exci-

50 1202 110 1272 piet
119 1199 265 1256 dissolutio
274 1201 470 1272 eorruptionis;
491 1200 623 1273 quoniam
637 1217 744 1256 morum
756 1200 851 1274 digni-

50 1285 93 1330 tas
107 1274 144 1330 eb
157 1274 317 1331 bominibus
331 1277 415 1348 periit
433 1292 483 1347 per
499 1276 710 1336 inconstantiam
728 1277 848 1342 consilii,

51 1349 361 1422 praecordiisamalitia
371 1353 426 1406 iem
436 1353 593 1424 captivatis.

107 1456 151 1510 ³7.
176 1455 308 1527 Superest
322 1465 414 1512 autem
427 1457 519 1512 inanis
534 1455 670 1528 quaedam
685 1459 818 1512 sententia
834 1475 849 1512 e

50 1529 220 1602 quibusdam
233 1533 400 1605 excogitata,
419 1547 520 1605 nempe
534 1531 775 1605 improvidentiam
789 1533 850 1591 evi-

51 1606 148 1661 denter
162 1615 295 1663 constare.
334 1609 395 1663 Non
408 1607 518 1672 tacebo,
535 1608 584 1663 sed
599 1608 704 1673 dicam,
721 1624 753 1663 ae
765 1608 849 1663 rebus

51 1689 124 1736 certo
132 1682 250 1737 consilio
258 1683 403 1755 perpensis
412 1683 555 1739 ostendam
569 1683 644 1739 facili
655 1683 848 1746 declaratione,

50 1772 135 1827 quam
144 1756 201 1812 sint
210 1757 306 1813 insana
315 1758 488 1829 quorundam
496 1768 668 1831 argumenta.
706 1760 747 1815 Ne
757 1768 848 1814 tamen

51 1844 102 1902 per
114 1832 298 1902 ignorantiam
310 1830 346 1907 [*]
358 1833 426 1888 forte
436 1833 594 1889 aberremus
606 1852 621 1890 a
631 1834 755 1890 veritatis
765 1850 849 1906 regu·

52 1906 91 1970 la,
104 1905 185 1961 liceat
194 1906 262 1963 haec
270 1910 454 1980 praemittere.
484 1908 524 1964 dc
532 1911 654 1982 primum
663 1909 733 1964 mala
744 1908 848 1979 mundo

50 1982 142 2035 inesse
155 1979 295 2037 dicuntur.
335 1982 500 2039 Huiusmodi
517 1992 582 2039 eunt
600 1986 745 2056 improvisi
763 2001 849 2056 aqua-

51 2072 113 2111 rum
125 2056 243 2128 illapsus
256 2075 292 2112 ex
306 2058 438 2112 imbrium
452 2059 532 2129 copia
542 2076 625 2130 super
635 2060 777 2115 materiam
787 2059 848 2113 ani-

50 2147 95 2184 ma
104 2140 256 2195 carentem,
276 2133 326 2203 qui
336 2133 557 2188 nuneexcedunt
566 2133 692 2198 modum,
711 2150 786 2187 nuno
798 2132 847 2187 de·

50 2204 159 2273 deiunt3
179 2205 323 2278 grandinis
338 2225 422 2279 super
435 2224 548 2280 germen
562 2217 589 2263 et
599 2198 698 2263 terram
712 2208 847 2263 virentem

51 2278 204 2335 decidentis
213 2282 421 2353 impetus,quae
431 2284 569 2354 corruptio
579 2291 620 2337 est
630 2282 755 2336 exitiosa.
775 2281 846 2337 Con·

50 2355 121 2409 sumi
135 2354 266 2411 videntur
279 2374 374 2411 omnes
392 2355 453 2430 (vel
464 2356 566 2429 omnia)
579 2356 659 2427 impii
675 2372 706 2410 ac
720 2356 785 2409 iusti
800 2372 847 2409 ae·

50 2429 126 2501 quali
148 2429 302 2487 calamitate
322 2448 440 2503 poenm
457 2433 625 2487 sustinentes
646 2438 673 2485 et
695 2431 846 2500 aequaliter

50 2512 162 2559 mortem
178 2505 328 2561 subeuntes
342 2507 482 2563 saeviente
495 2522 603 2578 pugna,
624 2512 701 2576 peste
718 2513 745 2560 et
761 2492 843 2561 fame.

50 2579 130 2635 Probi
139 2579 195 2634 viri
204 2590 364 2652 paupertate
372 2582 476 2653 presai,
496 2581 593 2653 impiis
606 2578 805 2635 ditescentibus
818 2586 845 2634 et

51 2655 134 2710 vitam
143 2652 261 2709 feliciter
271 2655 488 2711 traducentibus.
