2050 3100
77 278 118 344 [11,
131 275 193 342 422]
249 281 291 327 IN
311 281 490 327 GENESIN.
511 280 638 327 SERMO
657 281 700 330 lv.
831 276 881 330 273

76 399 163 454 quum
182 397 235 436 nec
254 399 342 436 unum
366 399 457 452 oeque
481 381 597 436 alterum
621 383 800 456 surripuerit,
831 384 882 439 sed

75 467 227 528 utrumque
246 457 375 520 retinuit,
397 464 452 511 tsm
472 457 670 530 primogenita,
692 475 776 530 quam
796 456 882 514 bene·

75 533 237 588 dictionem.
278 531 414 598 Quoniam
428 532 540 603 propria
555 531 624 586 haec
636 533 777 589 hereditas
787 542 828 589 est
837 551 883 588 re-

73 608 169 680 ligiosi
186 606 415 678 disciplinatique
431 614 458 660 et
470 607 526 661 iam
545 623 724 680 progressum
743 609 880 674 facientis,

73 699 159 754 quam
180 681 328 736 stultorum
342 682 492 753 quisquam
506 690 635 754 usurpat,
655 699 688 737 eo
702 685 778 756 quod
793 685 882 739 bonus

72 757 205 812 videatur
214 763 383 828 puteturque
394 755 469 828 opud
479 756 595 814 multos:
616 774 819 831 quamquenon
828 761 884 815 mi-

72 849 143 896 nus,
160 849 194 885 ac
203 832 229 884 si
239 830 328 887 aliena
339 848 383 886 res
394 832 444 895 sit,
462 839 509 886 sut
519 831 591 887 ultro
602 835 709 904 respuit
719 844 766 890 aut
776 836 883 891 invitus

72 907 168 962 iactat.
199 907 256 960 Hoo
265 907 360 976 itaque
370 904 516 960 mendacio
525 914 609 961 caret.
640 907 720 974 Quod
730 919 822 966 autam
833 910 884 965 sd·

71 982 129 1046 dit,
152 980 189 1036 ab
201 980 426 1042 immendacitate
436 980 575 1059 mendacii
585 983 724 1055 arguitur,
745 987 883 1057 quumita

70 1057 192 1112 dixerit:
225 1055 258 1110 Et
270 1073 340 1113 ortos
351 1061 483 1124 surripuit
496 1061 694 1112 benedictionem
708 1077 797 1114 meam.
831 1060 883 1116 Cui

70 1134 134 1188 iure
154 1129 335 1202 respondebit
353 1130 517 1203 quisquam:
550 1132 611 1197 Non
623 1140 700 1193 tuam
709 1133 882 1190 benedictio-

70 1223 152 1272 nem,
169 1204 354 1278 o(insipiens)
364 1205 492 1280 homo*),
509 1208 628 1278 accepit,
648 1207 764 1262 sedsibi
779 1225 881 1262 conve-

70 1284 212 1337 nientem:
235 1297 299 1342 nam
309 1281 362 1336 tibi
372 1279 531 1342 benedictio
541 1281 654 1336 initium
664 1280 745 1338 duxit
754 1280 878 1347 deterre,

69 1359 116 1412 iili
125 1373 194 1412 vero
205 1355 240 1412 de
251 1355 341 1425 caelo;
373 1365 404 1410 tu
414 1357 443 1410 in
453 1373 548 1412 servos
559 1355 715 1427 adscriptus
726 1373 770 1421 es,
791 1356 840 1410 ille
851 1358 880 1411 iu

70 1432 218 1500 dominos,
249 1431 303 1486 tibi
314 1448 378 1504 spes
388 1431 516 1504 gladium
526 1442 553 1488 et
562 1431 683 1496 bellum,
695 1430 739 1484 iiii
749 1447 815 1487 vero
824 1444 881 1503 pax

70 1533 288 1552 -n-q——n—-u-

69 1638 105 1671 ¹⁰3
124 1574 310 1665 ⁸migetium:
334 1573 789 1645 cistas.tolis,quodest11ellenismusr
812 1568 880 1615 doi-

69 1837 149 1893 Nibii
161 1838 238 1892 enim
249 1838 327 1904 tulit,
347 1838 398 1893 sed
412 1839 518 1910 recepit
530 1846 557 1893 et
570 1838 709 1910 primitias
722 1846 750 1893 et
763 1837 880 1895 benedi-

69 1914 204 1967 ctionem.
239 1913 369 1986 Propriae
379 1914 453 1969 enim
464 1920 552 1970 sortes
562 1921 627 1968 sunt
636 1915 777 1972 certatoris
787 1916 843 1970 iam
853 1924 880 1970 et

69 1987 252 2043 successibus
266 1989 422 2052 meliorato,
448 2004 521 2059 quae
538 1990 667 2059 quamvis
687 1989 790 2061 aliquis
809 1991 880 2045 insi-

70 2063 213 2135 pientium
224 2064 401 2135 usurpaverit
411 2062 446 2117 ed
457 2062 698 2118 demonstrandam
709 2065 878 2135 quibusdam

70 2138 166 2193 fictam
181 2136 418 2202 benevolentiam,
440 2137 623 2193 nihilominus
634 2146 666 2193 ut
679 2139 811 2204 alienam,
833 2148 879 2193 aut

69 2212 145 2267 ultro
161 2214 281 2287 spernit,
303 2222 350 2274 aut
368 2214 474 2269 invitus
489 2213 584 2269 soluit.
623 2214 658 2269 Et
677 2213 744 2269 haec
763 2214 878 2285 quidem

70 2304 137 2343 nem
148 2286 294 2353 mendose,
314 2288 386 2343 illud
396 2305 462 2343 ssne
473 2288 696 2359 quodinsipiens
706 2289 819 2354 adiecit,
843 2306 879 2344 ex

71 2371 168 2435 aperto
178 2363 323 2427 mentitur,
336 2364 374 2419 ita
385 2362 582 2419 asseverando:
603 2363 638 2417 Et
646 2381 715 2422 nono
724 2372 825 2433 accepit
835 2368 879 2418 be-

69 2442 243 2492 nedictionem
255 2456 345 2492 meam.
385 2438 437 2494 Cui
455 2438 528 2493 iusta
543 2454 594 2511 ego
608 2439 793 2511 respondebo:
817 2440 878 2494 Non

69 2520 148 2567 tuam
170 2512 277 2583 aceepit
295 2512 532 2581 benedictionem,
562 2512 613 2568 sed
632 2514 692 2583 ¹sibi
716 2520 876 2585 congruam.

70 2585 135 2640 Tibi
147 2594 240 2641 autem
251 2586 408 2644 benedictio
420 2606 434 2643 a
445 2589 526 2643 terris
536 2589 636 2653 oritur,
651 2589 729 2644 illius
740 2586 775 2640 de
785 2587 874 2656 coei0;

70 2660 116 2715 cui
127 2660 214 2715 etism
224 2669 254 2716 tu
263 2678 313 2734 pro
323 2662 426 2719 famulo
440 2662 548 2718 dicatus
557 2681 601 2728 es,
622 2663 672 2717 ille
684 2677 735 2733 pro
750 2661 862 2716 domino
867 2680 874 2732 3

71 2744 98 2789 et
112 2744 162 2790 tua
177 2752 242 2807 spes
257 2738 377 2794 cultrum
392 2738 426 2793 sd
441 2736 492 2811 (ao)
507 2738 659 2810 praelium,
685 2736 729 2789 illi
742 2751 808 2790 vero
823 2752 878 2806 pax

70 2809 188 2881 quidem
201 2810 303 2878 amica,
319 2830 383 2885 spes
394 2830 459 2870 vero
470 2813 548 2887 pacis
559 2811 656 2865 merito
666 2809 801 2865 funditur.
823 2810 878 2865 Cur

106 2882 222 2935 Pnrno
241 2886 300 2937 Vll.
651 2882 670 2933 S
