2050 3100
38 185 136 263 [uun]
201 197 241 242 nc
262 198 448 244 curnem.
470 196 597 243 sunno
615 197 661 243 111.
801 194 834 247 ιι

37 342 87 401 Quid
104 356 142 396 ert
166 342 379 408 „Circumcidetur
401 361 468 395 omne
489 357 589 396 cereum
610 348 775 411 nunculium,
808 359 832 399 et

85 411 266 463 errwmeidetie
288 414 328 477 (e.
352 411 567 476 circumcidemini)
590 430 685 465 curnem
707 417 835 481 praeputii

83 481 208 531 sawt
230 480 285 545 (rr,
305 486 337 529 10
347 481 381 543 ε.)

75 586 117 638 to.
134 582 291 653 Duplicem
300 579 384 637 video
394 583 649 639 circumcisionem:
673 600 758 639 unum
772 603 832 641 mo-

30 657 102 721 sculi,
119 657 245 713 alteram
258 656 363 725 cernis3
385 672 458 728 quae
468 658 560 713 cernis
569 667 624 723 εει,
639 660 831 731 pergeniteiio

29 740 73 799 εει,
93 749 177 804 quee-
186 747 256 787 vero
266 729 397 796 masculi,
410 738 442 787 ut
451 731 523 787 mihi
532 732 656 798 videtur,
667 750 717 804 per
727 736 832 807 cogite-

29 807 132 861 tionem.
177 804 319 873 Quoniam
331 806 463 878 proprius
473 823 533 861 mes
543 807 573 861 in
582 808 663 865 nobis
673 808 831 865 intellectus

26 890 69 943 est,
91 882 182 937 cuius
198 878 339 953 superflue
359 881 485 954 germine
503 891 644 953 amputare
663 890 691 937 ει
709 883 831 940 obiicere

27 971 131 1011 necesse
141 963 205 1020 εει,
221 963 253 1010 ιιι
262 953 384 1010 mundus
395 972 427 1010 ee
437 955 529 1011 nudus
538 956 574 1011 ob
582 958 659 1013 omni
669 958 776 1015 malitie
785 960 830 1015 vi·

25 1030 110 1101 tioquo
131 1031 224 1086 deum
240 1030 312 1085 colet
328 1038 359 1085 ut
373 1030 511 1086 sacerdos.
550 1031 581 1085 Id
596 1048 661 1104 ergo
672 1031 830 1105 designarit

24 1119 66 1172 per
74 1104 327 1163 circumcisionem
338 1104 503 1170 secundam,
525 1105 586 1179 lege
600 1114 702 1161 statuto
716 1106 826 1161 dicens:

27 1177 213 1238 circumcidite
224 1184 353 1235 duritiam
365 1184 450 1237 cerdis
462 1185 543 1235 cestre·
556 1186 644 1247 (Dent
654 1188 694 1246 iu,
707 1184 761 1243 ιι),
778 1180 832 1234 du-

23 1270 60 1308 res
73 1256 219 1311 videlicet
235 1270 268 1309 ec
281 1253 400 1309 rebelles
413 1254 594 1329 cogitationes
604 1262 632 1308 et
641 1254 829 1318 ambitionem.

24 1329 123 1397 quibus
132 1330 241 1387 recisis
251 1346 283 1385 ec
293 1330 426 1400 separetis
436 1328 526 1385 iibere
536 1326 668 1387 reddetur
677 1346 743 1400 pars
751 1329 832 1404 prin-

24 1404 130 1475 cipalis.

78 1561 128 1614 cur
145 1542 376 1614 mammenus
396 1561 460 1613 ese
478 1561 630 1613 meeis
647 1563 700 1629 (ιτ,
720 1564 772 1629 ιε.)

75 1667 120 1720 ti.
145 1665 276 1725 Primum
294 1665 370 1720 enim
384 1663 516 1738 Aegyptii
534 1682 583 1736 per
600 1664 829 1721 consuetudinem

28 1740 146 1810 regionis
159 1757 233 1798 enno
242 1740 339 1796 eotetis
352 1735 389 1814 [Ἴ
401 1739 630 1811 decimoquarto,
648 1739 761 1812 quondo
771 1756 830 1793 mas

28 1811 128 1884 incipit
144 1815 262 1870 seminis
282 1831 366 1874 usum
385 1830 481 1887 gerere
508 1823 536 1870 st
558 1814 660 1870 femine
683 1814 830 1888 sanguinis

28 1889 202 1959 empssonem
216 1890 333 1953 sentire,
359 1897 416 1944 tem
431 1905 577 1961 sponsum,
597 1907 682 1962 quam
700 1905 830 1961 sponsam

32 1959 242 2020 circumcidunt.
290 1964 451 2022 Dominicus
474 1973 566 2020 cutem
585 1964 727 2037 legislator
745 1980 830 2036 snper

33 2049 116 2093 meres
139 2039 233 2096 solum
256 2039 401 2094 constituit
419 2039 660 2100 circumcisionem
678 2038 775 2095 multis
794 2037 829 2092 de

37 2113 132 2169 cumis:
156 2114 375 2186 querumprime
386 2121 441 2178 εει,
455 2113 531 2185 quod
541 2130 755 2175 mesvenercem
765 2129 830 2168 scn-

38 2182 66 2236 tit
73 2186 241 2260 voluptatem
252 2205 284 2244 eo
291 2196 368 2259 optet
376 2188 583 2249 matrimonium
592 2189 682 2260 magis
694 2204 779 2258 quom
789 2187 831 2242 is-
908 2253 914 2264 ,

39 2257 118 2326 minu,
142 2263 325 2335 quemobrem
339 2264 400 2318 iure
417 2263 522 2318 emisse
541 2261 658 2327 femine,
681 2263 736 2318 viri
754 2279 830 2318 com-

43 2337 136 2415 Ptmit
145 2339 284 2409 impetum
294 2336 465 2410 superfluum
478 2338 533 2393 sub
547 2338 629 2410 signo
640 2337 831 2394 circumcisio-

44 2418 89 2460 ¹¹1⁸·
124 2410 253 2472 &eunde
264 2420 368 2477 numm.
380 2421 412 2468 ut
421 2413 536 2468 mauris
546 2411 665 2470 feminee
674 2429 710 2474 ex
719 2412 831 2473 residuo

45 2485 175 2554 inmunis
196 2488 287 2559 erupti
306 2487 469 2544 exhiheatur
489 2495 567 2553 neto,
588 2487 669 2543 cuius
685 2486 787 2542 artifex
799 2502 831 2540 ec

50 2564 115 2613 teme
131 2570 175 2618 εει
192 2579 266 2630 mes;
297 2563 365 2634 quia
381 2563 476 2634 itaque
495 2563 586 2635 magis
599 2561 787 2617 neceesarium
800 2560 832 2614 in

53 2635 98 2684 'ssiu
115 2637 300 2706 generationis
313 2638 358 2693 vir
370 2645 504 2710 praestet,
525 2639 622 2691 meritc
637 2634 757 2690 coercuit
771 2633 832 2686 eius

55 2707 193 2774 uperbiam
202 2727 253 2783 per
262 2710 406 2784 figuratam
416 2713 671 2770 circumcisionem,
682 2705 833 2760 materialis
