2050 3100
166 195 212 248 {26
281 198 380 244 PHIL.
402 197 477 243 IUD.
499 196 664 254 QUAEST.
684 196 733 242 ΕΤ
752 196 836 242 SOL.
852 191 974 259 [11,31⁰.]

162 300 264 354 tentiae
277 306 305 352 et
317 298 458 353 detentum
469 297 503 351 ab
514 298 650 361 externis,
673 315 689 351 a
704 298 783 362 vino,
804 296 931 369 dapibus
945 308 975 354 et

162 374 234 429 cibis
249 374 419 443 caeterisque
434 372 532 436 rebus,
554 388 626 444 qnae
638 381 780 444 tamquam
795 372 831 427 ab
846 389 914 445 agro
936 392 975 428 ex

162 448 592 519 fertilissimaterragerminant.
624 447 817 514 Quandovero
827 464 974 520 menapo-

162 524 229 578 titur
240 540 366 595 corpore,
387 522 461 595 cogit
473 522 546 577 illud
560 524 617 578 iam
631 524 760 578 servituti
774 523 916 586 deditum,
941 533 975 578 ut

164 599 296 670 deinceps
311 598 444 671 subiugat
458 599 608 663 exteriora,
629 606 655 653 et
670 614 726 653 non
741 598 823 653 cadat
834 598 889 653 sub
905 598 975 654 ilio-

163 690 225 728 rum
235 681 382 745 potestate,
401 673 451 729 sed
461 691 497 729 ex
507 674 623 728 advorso
631 673 828 730 oondneatiiia
840 683 867 729 et
878 673 976 729 domi-

163 757 244 803 netur
253 749 308 813 eis,
324 748 399 804 baud
410 766 505 804 eorum
515 766 579 821 pars
589 748 671 804 iacta.

184 904 265 963 Qreere
282 907 497 973 „coenositatem
515 906 653 959 manerat
675 907 712 956 ait
733 922 783 955 aare
804 905 958 971 sepum?

214 974 253 1023 vel
272 991 347 1038 quare
360 974 455 1025 adiicit:
482 973 574 1038 „Hae
587 984 621 1025 ert
636 973 781 1027 coenetur
795 978 848 1037 (23,
863 976 919 1034 19.)

221 1079 264 1131 83.
297 1076 388 1143 Quum
415 1076 531 1132 Chabrort
553 1062 748 1148 interpretetur
772 1076 974 1133 coniunctio

164 1151 225 1206 sive
248 1154 395 1208 societas
418 1154 611 1214 mulierum,
647 1151 753 1206 directe
770 1150 877 1205 dietum
901 1150 971 1221 tuin

164 1243 229 1281 ecce
239 1228 328 1293 enim,
346 1228 467 1299 exempli
478 1228 580 1300 gratia,
597 1244 715 1298 quorum
726 1226 832 1297 duplex
845 1233 889 1280 est
904 1245 974 1299 spe-

165 1301 261 1367 lunca,
283 1311 401 1374 possunt
413 1312 574 1360 connectere
589 1319 622 1357 ao
635 1311 762 1373 coaptare
771 1302 935 1357 societatem
946 1312 973 1358 et

165 1375 342 1431 dilectionem
362 1380 511 1450 genuinam
531 1386 615 1448 aque
633 1375 716 1433 fidele
735 1376 851 1431 reddere
868 1393 974 1449 corpus

165 1466 229 1503 oum
240 1452 345 1514 anima,
358 1469 413 1505 uno
423 1453 589 1523 principem,
602 1452 686 1508 altera
696 1452 843 1507 satellitem
853 1468 974 1523 persna-

166 1523 261 1587 dente,
284 1525 420 1596 quicquid
430 1528 528 1598 regina
537 1527 646 1584 iussum
655 1526 778 1591 dederit,
799 1534 826 1582 et
835 1527 973 1584 imitatio·

165 1615 228 1652 nem
239 1615 307 1652 suae
316 1601 454 1671 potentiae
463 1601 608 1666 exhibeat,
624 1612 655 1660 ut
664 1604 771 1675 possint
780 1603 862 1672 potiri
877 1613 973 1660 exter-

165 1689 263 1726 norum
273 1682 301 1727 et
311 1674 462 1746 subiugare
472 1676 628 1732 sensibilia.

167 1813 204 1878 [²]
229 1811 309 1869 Quare
331 1814 404 1864 dixit.-
439 1816 530 1879 „Erat
550 1828 628 1868 aetem
648 1819 773 1868 Aeaeam
792 1834 864 1867 mex
883 1836 970 1883 prove-

233 1890 294 1944 otna,
331 1891 354 1930 et
384 1882 490 1948 dominas
522 1885 640 1936 benedicit
669 1885 808 1936 Adrobamo
842 1887 970 1937 secundnm
1017 1886 1018 1891 ’

232 1948 352 1998 omnic“?
370 1949 423 2015 (24,
440 1953 476 2014 1.)

222 2052 264 2104 at.
295 2051 373 2107 Hand
391 2053 503 2109 videtur
521 2063 637 2111 aetatem
650 2055 824 2128 temporibus
839 2066 971 2114 constan·

166 2133 221 2178 tem
241 2143 376 2193 asserere,
398 2146 463 2184 narn
481 2129 618 2186 haesitare
637 2132 704 2202 quie
721 2139 813 2202 potest
830 2132 970 2190 seniorem

166 2215 230 2252 eum
249 2199 355 2268 dicere,
380 2205 430 2275 qni
449 2206 549 2276 paucis
567 2206 740 2277 temporibus
756 2214 870 2276 superat
882 2224 970 2262 annos

166 2273 226 2342 eius
241 2273 423 2351 (anteriores):
456 2279 506 2334 sed
521 2279 556 2334 ad
571 2282 684 2336 virtutis
698 2281 907 2336 distinctionem
927 2298 971 2335 re-

166 2345 252 2404 fertur
262 2352 300 2414 is,
323 2354 372 2424 qui
383 2354 499 2426 gradum
510 2355 628 2410 senioris
638 2354 826 2425 honoremque
836 2365 968 2411 meretur.

164 2423 253 2490 Quare
273 2427 448 2498 superaddit,
470 2430 581 2484 dicens:
621 2435 710 2484 scotor
726 2439 877 2498 provectae,
903 2438 970 2502 peta

164 2501 310 2570 probitatis
327 2511 486 2580 augmento,
507 2506 588 2560 cuius
603 2516 736 2559 cacumen
749 2504 843 2559 cultus
853 2505 970 2559 divinus

165 2575 223 2644 (aut
236 2577 348 2649 pietas),
370 2579 430 2632 sive
445 2597 511 2634 sana
524 2577 605 2634 'mens
620 2579 697 2643 talis,
719 2596 791 2650 quae
811 2587 854 2634 est
873 2581 970 2653 regula

165 2650 290 2778 ‘'ffnhssm
300 2653 373 2709 vitae
383 2654 504 2724 partium
515 2654 669 2712 secundum
679 2655 874 2727 cogitationes,
886 2673 971 2727 opera

165 2736 180 2772 a
204 2740 250 2778 ver
270 2743 295 2780 a.
