2050 3100
71 333 166 398 [IL
192 330 312 395 511]
452 336 532 382 IN
567 336 910 382 EXODUM.
952 338 1205 411 SERMQ
1243 337 1305 383 11.
1580 331 1681 384 35¹7

72 439 318 493 alterum
347 452 479 491 vero
506 435 817 501 sensibilis,
860 437 921 490 in
947 436 1154 507 quibus
1174 446 1451 509 tamquam
1474 441 1532 492 in
1551 439 1682 493 fun-

71 512 356 568 damentis
384 513 720 582 supererecti
750 521 878 566 sunt
906 511 1138 566 firmius.
1216 515 1354 568 Nam
1384 524 1681 585 utrumque

70 604 272 644 eorum
310 603 443 658 prae
469 603 529 640 se
559 585 664 641 fert
691 603 854 640 suum
881 595 1161 651 ornatum,
1199 589 1295 659 qui
1328 590 1431 643 etsi
1460 589 1681 662 gravior

69 665 149 717 sit
164 704 177 726 ,
203 662 451 734 gravitas
471 669 651 715 tamen
674 670 755 715 est
776 661 920 716 sicut
941 661 1141 726 levior,
1177 671 1229 717 et
1250 664 1473 719 aliunde
1496 665 1681 735 impu-

70 737 224 793 trida
247 744 377 790 sunt
395 735 592 800 verba,
625 737 758 806 quia
778 735 870 790 dei
891 746 1020 792 sunt
1039 754 1221 792 voceS.

178 893 279 944 Cur
309 892 574 957 qestaton‘a
608 902 852 942 nectuntur
885 894 936 942 in
970 895 1167 943 annulos
1203 894 1272 943 ad
1294 893 1587 958 portandam

645 965 838 1009 arem?
873 965 981 1024 (25,
1013 962 1116 1024 14.)
1170 970 1177 976 “

190 1065 280 1118 58.
326 1062 442 1116 Duo
466 1061 708 1133 duplicis
728 1061 924 1116 mundi
953 1063 1375 1127 rationes-sunt,
1415 1079 1553 1134 quas
1584 1080 1682 1117 ve-

69 1148 192 1195 ctes
215 1137 545 1209 appellavit,
589 1154 865 1192 connexae
885 1154 984 1209 per
1011 1138 1289 1210 sigillum,
1332 1137 1681 1192 ostendentes

64 1214 482 1287 praescriptum
505 1230 567 1266 ac
586 1213 957 1268 necessarium
976 1221 1253 1276 eventum,
1278 1228 1459 1266 rerum
1483 1221 1682 1282 nempe

67 1289 480 1345 connexionem
523 1287 922 1352 harmonicam,
975 1286 1197 1359 singula
1237 1288 1295 1341 in
1338 1286 1681 1341 ordinatione

65 1363 295 1437 integra
322 1361 624 1423 reddendo.
701 1364 764 1418 In
793 1363 1010 1418 visibili
1039 1363 1224 1432 itaque
1251 1360 1459 1415 mundo
1479 1360 1682 1414 simili-

65 1439 212 1496 tudo
234 1446 290 1494 et
306 1436 479 1493 forma
500 1446 609 1503 est,
635 1439 694 1492 in
714 1437 1078 1494 intellectuali
1098 1453 1229 1493 vero
1248 1435 1459 1491 indicia
1481 1445 1534 1490 et
1553 1451 1681 1506 pro—

67 1515 284 1589 totypi,
327 1513 502 1569 classe
531 1522 583 1569 et
610 1512 802 1569 ordine
828 1512 1311 1588 progredientibus
1323 1511 1377 1585 *)
1397 1511 1680 1582 sequenti-

68 1593 300 1662 busque
317 1588 626 1644 secundum
647 1598 872 1645 naturae
891 1589 1385 1645 concinnationem.

106 1748 188 1814 [¹⁸]
235 1745 368 1804 Quid
399 1758 466 1797 est
503 1784 534 1810 „
548 1746 740 1796 Iniicies
774 1748 824 1795 in
859 1763 1022 1795 arcam
1058 1746 1456 1807 testificationem,
1505 1762 1645 1809 quam

577 1815 702 1864 dabo
738 1815 903 1864 tibW?
938 1814 1183 1878 (25:16.)

185 1920 278 1972 59.
328 1916 597 1983 Quoniam
634 1916 821 1988 itaque
861 1933 985 1970 arca
1023 1916 1329 1988 incorporei
1366 1913 1679 1987 symbolum

67 2002 156 2049 est
185 1991 413 2056 mundi,
457 1998 668 2064 oportet
696 1998 879 2045 autem
909 1990 1180 2045 mundum
1209 1991 1370 2045 illum
1397 2007 1517 2044 esse
1539 1989 1679 2062 legis

65 2068 351 2124 indicium
366 2108 379 2131 ,
423 2084 588 2138 quam
614 2066 1052 2121 testificationem
1073 2067 1315 2129 vocavit,
1356 2064 1475 2119 iure
1498 2081 1560 2119 ac
1582 2063 1682 2118 de-

68 2152 264 2199 center
289 2142 451 2206 dixit,
477 2142 646 2197 verbo
669 2143 726 2196 in
749 2157 930 2196 arcam
950 2158 1152 2212 ponere
1172 2140 1345 2205 illam,
1369 2157 1533 2212 opere
1549 2155 1679 2194 vero

68 2222 132 2274 in
166 2217 439 2273 mundum
468 2216 909 2290 intelligibilem,
951 2224 1012 2271 ut
1040 2216 1253 2276 cunctis
1283 2216 1401 2270 suis
1426 2214 1679 2287 partibus

70 2294 198 2349 illic
222 2295 410 2348 iacens
431 2300 766 2365 perseveret.

75 2434 212 2493 Quid
254 2444 323 2485 est
364 2471 400 2515 3,
407 2432 795 2498 propitiatorium
811 2435 846 2462 “
855 2465 869 2496 ,
927 2422 972 2481 ct
1015 2448 1163 2495 quare
1206 2432 1530 2495 ,‚epithema“
1574 2432 1678 2491 (su-

133 2502 507 2568 perpositzonem
537 2516 577 2550 s.
617 2502 931 2565 opertorium)
965 2499 1096 2549 illud
1114 2500 1332 2549 vocavit?
1368 2499 1476 2561 (25,
1502 2498 1607 2555 17.)

183 2608 273 2660 60.
322 2604 600 2677 Propitiae
632 2620 694 2661 ac
715 2600 992 2658 beneficae
1013 2602 1235 2658 virtutis
1256 2597 1567 2672 symbolum
1589 2594 1678 2647 di-

69 2690 224 2735 ctum
265 2678 373 2733 fuit
404 2684 850 2749 propitiatorium.
927 2678 1199 2747 Epithema
1236 2681 1415 2729 autem
1451 2670 1674 2730 dicitur,

68 2756 207 2826 quia
257 2755 642 2825 superpositus
689 2761 773 2808 est
821 2752 1049 2807 firmiter
1094 2746 1467 2819 intelligibilis
1514 2759 1678 2797 mun-

176 2897 222 2943 *)
251 2906 286 2935 s.
309 2897 525 2945 prototypi
550 2896 695 2935 clauis
724 2898 762 2935 ec
788 2894 946 2934 ordinis
967 2890 1325 2941 proaredientium
1350 2892 1423 2927 ecc.
1476 2888 1580 2932 Aue
1592 2886 1635 2921 h.
