2050 3100
70 290 240 362 [nutasti]
263 297 305 343 IN
323 297 494 345 E'XODUH.
515 298 644 344 SERMO
663 298 695 344 11.
830 294 879 347 387

72 437 113 506 [Ἴ
136 434 217 493 Quare
237 454 309 504 super
326 447 412 502 pectus
428 440 553 503 pontificis
574 439 705 500 rationale,
727 440 882 505 superpono!

107 506 205 555 nomino
222 515 303 568 aaut,
323 506 420 569 quoodo
437 507 570 571 inpreditor
587 506 774 571 Sonetol‘(28,
789 508 844 569 29.)

133 608 192 660 illi.
216 607 316 661 Pectus
330 607 407 662 locus
421 616 463 665 est
477 608 582 673 cordis,
605 618 633 663 et
645 610 687 664 ibi
702 609 809 664 habitat
824 610 880 664 ira-

56 681 191 755 ‘cuudia3
223 681 368 738 iracundia
378 690 471 738 autem
481 701 552 756 opus
562 684 645 738 habet
654 685 769 739 rationis
779 700 880 756 regen-

73 759 111 812 tis
125 772 159 810 ac
172 759 362 827 temperantis.
401 756 538 823 Quoniam
547 758 658 829 quando
671 759 732 814 sine
742 760 880 831 regimine

73 840 101 887 et
110 833 308 902 temperatione
318 832 505 904 relinquatur,
519 832 574 887 huc
584 834 653 889 illuc
663 833 808 898 vacillans,
821 842 880 889 tur-

72 906 138 961 bata
147 913 175 959 et
187 903 322 961 fluctuans
336 915 478 978 tamquam
491 925 527 963 ex
542 908 626 963 undis
640 909 816 980 procellosis,
838 918 880 963 to·

73 989 131 1035 tam
144 982 265 1035 animum
279 982 358 1036 velut
368 998 466 1037 navem
476 982 538 1037 basi
548 990 686 1038 carentem
696 992 814 1047 evertat,
830 983 880 1038 de-

73 1055 170 1110 molito
182 1071 296 1127 corpore
307 1072 429 1127 quoque.
470 1058 572 1113 Verum
581 1068 707 1113 accurate
716 1058 877 1123 observans,

73 1146 129 1186 non
147 1146 259 1201 semper
276 1131 409 1186 rationale
427 1149 512 1204 super
530 1141 626 1203 pectus
645 1149 705 1187 csse
726 1132 807 1195 dicit,
830 1132 880 1187 sed
899 1182 903 1188 .

73 1209 179 1275 quoodo
188 1205 288 1261 &uoto
296 1210 453 1274 ioproditor.
492 1206 687 1261 Sanctuarium
698 1215 790 1261 autem
802 1207 879 1261 locus

73 1291 116 1335 est
125 1280 251 1351 pietatis,
267 1281 421 1336 sanctitatis
435 1283 582 1353 omnisque
595 1282 720 1339 virtutis:
747 1279 822 1351 quod
839 1289 880 1335 at-

73 1360 186 1427 tingens
195 1354 367 1419 intellectus,
383 1356 508 1427 possedit
517 1357 630 1412 omnino
641 1357 774 1411 rationem
788 1354 851 1427 perf
865 1386 880 1397 -

72 1438 161 1493 ctam,
182 1440 255 1501 quae
270 1431 342 1503 regit
355 1448 388 1485 ac
401 1430 559 1487 moderatur
569 1440 652 1502 atque
661 1430 769 1486 habena
780 1448 880 1502 appro-

74 1506 469 1577 hensacoiimotcupiditntes,
490 1506 706 1572 mammonam,
728 1522 799 1578 quae
810 1506 880 1562 solet

73 1587 226 1638 detrectare
235 1581 334 1654 iugum
345 1581 416 1638 eius.

115 1722 165 1774 Cur
190 1739 262 1788 super
287 1723 406 1774 rationale
431 1721 557 1775 Reoelutio
583 1733 606 1776 et
632 1723 727 1776 Veritas
748 1743 841 1790 ponua-

378 1795 431 1842 turl
453 1792 506 1856 (28,
521 1793 576 1858 30.)

133 1878 191 1931 lto.
212 1873 347 1941 Quoniam
358 1877 427 1931 ratio
437 1876 480 1932 illi
490 1876 596 1947 duplex
612 1884 666 1933 est:
697 1895 752 1934 una
768 1879 797 1932 in
813 1895 880 1934 con-

72 1950 148 2006 siliis
169 1949 287 2022 degens,
313 1950 397 2006 altera
411 1968 461 2022 per
475 1952 656 2023 prolationem
676 1955 805 2008 revelata.
846 1954 880 2007 Et

72 2027 135 2080 iuro
143 2025 261 2096 quidem
272 2026 389 2081 virtutes
403 2025 473 2080 duas
488 2027 598 2095 utrique
614 2025 766 2096 dispertiit:
798 2027 880 2082 habi-

73 2101 143 2157 tanti
154 2101 184 2155 in
194 2100 320 2155 consiliis
334 2105 482 2163 cetimum,
502 2101 623 2170 prolatae
638 2117 704 2156 vero
719 2102 792 2156 foras
806 2119 880 2158 reve-

73 2178 208 2230 lationem.
246 2173 384 2240 Quoniam
401 2175 503 2230 virtuto
518 2173 637 2245 praediti
653 2192 731 2230 mens
746 2176 817 2231 nihil
839 2175 880 2229 la-

73 2249 215 2304 miliarius
234 2249 291 2305 sibi
310 2249 394 2304 debet
411 2257 539 2320 reputare
559 2249 603 2303 vel
624 2250 713 2321 magis
732 2258 880 2322 cognatum

73 2341 159 2394 quam
174 2323 332 2388 veritatem,
356 2323 431 2379 undo
444 2339 557 2378 necesse
571 2331 613 2378 est
626 2322 750 2378 studium
764 2326 839 2378 omui
851 2325 880 2379 vi

73 2398 153 2454 illam
172 2398 346 2453 inveniendi.
385 2399 508 2455 Verbum
528 2405 619 2453 autem
640 2397 711 2451 nihil
727 2399 816 2468 magis
831 2415 881 2451 ne-

72 2473 227 2528 cessarium
240 2472 338 2537 habet,
359 2490 444 2545 quam
457 2471 599 2528 evidenter
610 2470 750 2527 declarare
760 2472 880 2526 revelata

72 2547 224 2603 artificioso
233 2556 387 2620 apparatu.⁴

73 2671 111 2739 [θ]
132 2670 190 2722 aa!
200 2671 289 2736 duplex
306 2672 354 2737 (ul.
374 2673 452 2735 torto)
471 2670 627 2737 hyacinthino
644 2667 723 2718 tunica
739 2668 882 2718 subucula

356 2739 458 2788 dicim
474 2740 528 2803 (28,
547 2737 602 2796 81.)

131 2825 192 2880 ll'l.
215 2823 329 2889 Dicunt,
346 2823 435 2896 quod,
451 2823 517 2894 quia
528 2819 684 2944 symblplppi
697 2829 738 2875 est
748 2821 817 2876 airis
829 2820 882 2874 du-
