2050 3100
152 305 200 357 ms
396 308 511 356 numo
532 306 705 353 iuuentus
836 302 950 369 mesu]

150 421 241 466 tamen
251 411 340 465 minas
349 410 447 464 solvet.
474 408 626 481 Quseergo
633 407 948 472 maiuscursnobisest,

150 486 249 549 oriri,
271 483 346 557 (nisi)
359 492 390 538 ut
408 484 568 539 inveniatur
584 477 738 555 veritus*]‘l
767 481 840 538 Ante
855 485 950 539 omnis

150 578 213 615 oum
224 560 295 614 hano
305 576 319 614 s
330 558 382 613 deo
391 560 506 631 gratiam
516 559 736 629 susceperimus,
752 557 892 613 humanae
901 577 952 613 ns-

150 646 227 691 turae
242 652 291 689 nos
305 634 454 707 participes
469 633 544 696 fieri,
564 633 658 687 statim
671 640 819 704 postquam
833 635 892 689 nati
901 651 952 688 su·

152 726 227 773 mus,
239 710 336 764 bestiis
345 707 508 772 invidimus,
520 716 549 762 et
556 707 705 763 rationales
714 707 830 770 conditi,
841 708 872 763 in
882 707 951 763 bm-

150 794 240 839 torum
250 793 375 838 naturam
384 784 489 850 reversi
499 799 611 837 sumus:
634 782 950 838 sicutenimilliescsm

150 859 235 913 solam
251 867 363 921 norunt,
384 852 518 913 nutritore
526 858 577 912 vix
584 858 708 930 cognito,
728 858 950 930 itanoaquoque

149 934 178 987 in
194 932 330 987 lructibus
344 934 488 1005 regionum
506 932 690 996 exsultantes,
711 930 818 987 fructum
837 930 950 989 dentem

149 1024 203 1063 non
214 1008 352 1063 novimus.
379 1007 428 1062 Ille
438 1024 504 1062 vero
514 1006 623 1062 liberali
633 1025 717 1062 manu
725 1024 780 1063 non
790 1005 821 1061 id
829 1014 948 1071 tantum,

148 1082 224 1155 quod
234 1082 269 1139 ad
278 1083 373 1137 cibum
382 1090 499 1153 spectat,
516 1084 706 1137 verumetiam
715 1081 789 1154 quod
799 1080 836 1137 ad
849 1082 950 1139 laetifi-

149 1158 284 1214 cationem
293 1157 442 1213 iucundam
452 1156 530 1221 iacit,
547 1157 713 1221 concedens,
728 1174 782 1212 non
792 1159 888 1231 exegit
898 1158 951 1213 ali-

149 1233 254 1305 quida
275 1232 369 1295 nobis,
390 1232 535 1303 hucusque
554 1232 634 1287 nobis
654 1232 816 1305 indulgens;
856 1249 951 1306 neque

148 1309 283 1381 quod'nos
293 1307 403 1371 bestiis,
423 1308 483 1379 ipse
497 1307 528 1361 id
543 1306 636 1371 nobis,
658 1324 827 1379 quamquam
841 1306 951 1364 bestiae

148 1385 237 1440 simus
247 1384 362 1455 reperti,
375 1380 463 1437 iacere
473 1381 573 1438 voluit.
611 1382 667 1438 Nos
677 1382 751 1437 enim
762 1399 840 1437 escas
850 1382 951 1439 dantes

149 1459 329 1523 animalibus,
343 1454 379 1533 [*]
392 1465 519 1513 mutuum
528 1472 578 1529 pro
587 1457 633 1512 his
647 1458 792 1512 servitium
805 1456 950 1531 exigimus

149 1533 184 1588 ab
199 1535 247 1597 iis,
269 1533 381 1606 quodsi
396 1533 529 1589 nutritum
549 1532 657 1588 nullum
676 1533 808 1589 nutrienti
827 1543 951 1605 praestet

149 1609 378 1673 emolumentum,
394 1626 457 1664 esca
466 1607 594 1664 animalis
605 1607 737 1663 damnum
746 1608 825 1664 altori
838 1627 951 1684 suppu-

149 1691 230 1738 tatur.
269 1683 318 1738 llle
329 1701 394 1740 vero
404 1701 458 1740 non
472 1683 563 1738 solum
577 1683 657 1738 nobis
671 1683 728 1738 cibi
742 1683 875 1756 gratiam,
899 1685 952 1740 sed
1008 1700 1010 1787 p

148 1758 222 1812 vitae
232 1775 341 1830 quoque
356 1759 470 1831 largitus
484 1767 539 1814 est:
569 1755 701 1813 hactenus
714 1758 800 1831 igitur
814 1758 858 1814 illi
875 1761 953 1822 ciui-v

148 1839 230 1904 tatem
250 1842 370 1887 nostram
390 1834 522 1888 nutrienti
541 1833 650 1888 nullum
664 1850 713 1888 nos
728 1834 952 1891 emolumentum

148 1907 304 1962 retulimus.
343 1905 417 1972 Quid
427 1909 501 1964 enim
511 1909 619 1963 lucrum
629 1906 688 1964 est‘l
709 1907 832 1965 dicitote.

205 2035 248 2089 32.
268 2029 335 2098 Quis
345 2049 478 2104 umquam
487 2033 808 2108 paterexsuperioribus
817 2037 952 2106 patribus

149 2106 220 2163 tilios
234 2113 298 2162 suos
312 2106 461 2163 admonens
476 2108 625 2165 instruxit?
655 2110 719 2180 quis
733 2117 850 2182 nuptus,
874 2127 953 2183 quae

148 2191 233 2254 nupta
247 2191 368 2255 tempore
382 2185 541 2255 nuptiarum
558 2183 756 2256 gratitudinem
774 2184 954 2242 demonstra-

148 2255 206 2313 vit‘l
229 2259 293 2329 quis
304 2260 417 2314 creatori
428 2259 530 2331 gratias
539 2275 590 2329 pro
599 2257 808 2331 pulchritudine
817 2269 953 2317 natorum

148 2349 294 2406 puemrum
309 2332 454 2388 retribuit?
482 2341 508 2389 et
517 2350 601 2405 super
611 2351 696 2407 quam
704 2336 828 2390 mensam
838 2335 954 2407 glorifi-

148 2417 224 2464 uatus
234 2416 276 2463 est
285 2406 372 2463 deus?

202 2517 245 2568 33.
275 2515 371 2586 Neque
389 2523 479 2570 tamen
492 2513 565 2569 illud
578 2516 661 2570 etiam
675 2515 731 2570 dici
746 2525 848 2588 potest,
867 2519 953 2589 quod
1005 2554 1007 2601 ι

147 2601 200 2638 non
211 2587 247 2640 sit
257 2589 377 2659 cognitio
389 2587 449 2652 dei,
470 2605 560 2658 neque
570 2589 745 2660 incorruptus
755 2590 845 2646 videri
854 2595 954 2663 possit

147 2657 320 2728 corruptibili
330 2660 419 2714 oculo.
447 2660 501 2726 Qui
511 2663 586 2716 enim
596 2662 750 2720 invisibilis
758 2665 952 2738 est,gloriam
1004 2692 1005 2699 ι

145 2791 319 2879 “m''lpuphuu
335 2798 457 2844 maenus
474 2801 521 2844 (unt
536 2801 581 2845 sta)
594 2803 653 2840 notis
667 2805 696 2842 aa
707 2805 852 2845 tuentum
863 2810 952 2847 serito·
1004 2828 1005 2873 t
