2050 3100
145 94 192 147 178
259 99 358 144 PHIL.
378 98 453 145 [UD.
475 96 636 157 QUAEST.
655 97 705 141 ET
725 97 808 141 SOL.
826 90 870 157 [IL
885 94 950 159 att]

142 199 229 263 trahi,
251 216 326 253 nuno
339 216 375 253 ex
389 197 506 252 adverso
523 216 538 252 a
553 198 667 251 veritate
682 195 803 253 retrahit
832 196 952 256 Etenim

144 273 311 344 ambiguitas
319 274 425 327 ,mentis
438 270 601 343 imperfecta
615 280 642 326 et
656 270 755 325 clauda
768 278 809 325 est
818 288 949 343 sempor;

143 347 253 419 quodsi
266 356 390 419 oporteat
401 364 467 403 vero
480 348 646 418 proprioque
661 348 772 401 nomine
786 346 843 410 nti,
864 364 951 403 caeca

142 438 254 495 quoque
276 429 329 477 est.
376 422 571 484 Verumtamen
590 421 705 493 expedit
724 421 865 477 oculatum
885 439 951 477 esea

143 496 292 569 aliquando
308 504 336 551 et
349 505 461 551 eentum
475 498 540 552 visu
556 496 590 551 ad
605 505 706 553 certam
720 494 951 567 comprehensio-

143 587 207 627 nem
219 572 353 631 scientiae
367 572 433 627 honi
443 579 470 627 et
478 571 560 628 mali:
586 572 651 642 quia
662 572 808 641 utriusque
817 580 951 625 naturam

143 648 281 719 attingens
295 647 436 718 quispiam
451 656 534 718 atque
548 646 670 703 salutans
684 655 712 701 et
724 644 813 701 obiter
833 644 948 710 videns,

143 739 230 779 unum
239 738 336 779 eorum
344 722 493 794 suscipiat,
507 721 625 777 alterum
636 722 721 778 evitet
731 736 843 777 neeesse
854 728 907 775 est.

223 877 288 935 Quid
305 887 340 927 ert
357 877 430 941 „lvii
449 877 598 941 intempore
617 893 634 925 a
652 875 786 925 domino“?
808 877 868 940 (ib.)

202 1001 259 1052 456.
296 996 486 1068 Superhorum
505 996 747 1065 arrogantiumque
767 994 949 1065 reprehensio
1012 1056 1013 1061 ἵ

143 1080 185 1128 est
195 1072 311 1127 verbum
326 1072 392 1136 hoe,
413 1072 519 1141 qnippe
529 1066 628 1197 quis]
641 1068 711 1122 nihil
722 1069 842 1123 seientes
852 1071 966 1133 omnia.

143 1164 172 1201 se
183 1148 255 1203 scire
265 1144 413 1218 fateantur;
434 1152 461 1199 et
470 1144 509 1199 nil
522 1144 578 1197 aliu
608 1143 722 1215 pudoris
733 1159 764 1197 ac
774 1144 949 1215 ignominiae

143 1240 204 1277 esse
215 1228 337 1286 censent,
349 1236 433 1292 quam
444 1218 609 1291 disquirere,
622 1217 749 1272 dubitare
760 1226 787 1272 et
797 1218 947 1272 sciscitari.
1012 1258 1013 1267 t

142 1295 314 1370 Quapropter
332 1312 432 1369 magno
451 1294 501 1349 iilo
520 1292 616 1348 morbo
634 1293 790 1367 imperitiae
805 1309 896 1364 usque
912 1292 949 1346 ad

118 1585 120 1587 ¹
143 1604 218 1657 enim
228 1601 329 1655 mentis
339 1599 501 1670 imperfecta
512 1610 539 1655 et
549 1600 657 1656 clauda.
689 1602 722 1656 Et
732 1603 757 1655 si
766 1608 872 1673 oportet
883 1615 951 1675 pro-
1012 1655 1013 1670 p

142 1677 212 1748 priis
225 1678 253 1730 et
265 1672 414 1746 (merent)
427 1674 585 1740 remeabis,
608 1693 688 1730 oaeea
703 1687 753 1730 est.
793 1673 873 1730 Unde
887 1691 951 1729 me-

144 1753 199 1804 lius
209 1758 251 1804 est
261 1748 356 1803 oeulos
365 1749 466 1802 mentis
472 1750 627 1815 instruere,
640 1759 667 1806 et
678 1747 786 1806 acutius
795 1765 951 1804 somenae-

143 1832 280 1879 ventatem
286 1821 398 1895 (iimrlo
408 1839 440 1876 ao
450 1822 522 1878 bono
533 1825 700 1894 examinato3
715 1825 860 1896 utriusque
871 1826 949 1880 enim
1012 1831 1013 1896 t

143 1906 256 1952 naturae
271 1896 430 1968 ampiexus,
452 1900 547 1969 quivis
561 1909 588 1956 et
598 1898 720 1972 'simpiiei
732 1909 822 1956 mente
833 1899 947 1964 duetus,
1012 1899 1013 1958 i

143 1989 230 2027 unum
241 1971 359 2044 qrpetit,
376 1972 493 2028 aiterum
503 1983 627 2030 excusat.

195 2127 261 2185 Quid
286 2137 321 2178 est
350 2127 486 2191 „Perrexit
512 2131 660 2196 interrepere
688 2148 705 2180 a
732 2131 825 2181 domino
854 2131 902 2180 ela>-
953 2179 958 2188 ,

450 2197 528 2259 quium
549 2197 639 2248 Dei“?

167 2339 170 2343 J
202 2308 260 2366 456.
285 2305 451 2376 Superbiam
464 2309 578 2380 corripit
590 2325 640 2381 pro
655 2310 710 2373 eis,
731 2310 781 2380 qni
799 2325 830 2364 se
850 2308 950 2364 dieunt

144 2379 252 2451 aliquid
267 2397 361 2445 nosse,
384 2397 454 2452 quos
469 2382 541 2437 nihil
556 2385 674 2444 scientos
689 2383 776 2456 pudet
793 2385 948 2455 requirere,
1012 2391 1013 2426 ³

143 2455 325 2528 interrogare,
346 2463 480 2510 serutare.
520 2459 553 2512 Hi
564 2459 645 2512 etiam
656 2459 820 2532 languorum
831 2459 950 2530 imperi·
1012 2455 1013 2492 ἶ

144 2530 196 2593 tia,
217 2547 307 2603 nsque
321 2531 351 2584 in
365 2531 514 2586 terminum
529 2533 601 2587 vitae
617 2542 788 2604 aegrotantes
805 2533 950 2591 medicum

143 2618 199 2656 non
205 2605 382 2676 suscipiunt,
408 2623 423 2659 a
437 2622 492 2677 quo
503 2605 635 2662 facillime
646 2609 731 2662 curati
745 2609 804 2662 sani
816 2605 948 2664 fuissent.
