2050 3100
74 264 192 332 [rr‚asa.]
259 270 299 315 rra
319 244 698 319 cnunsrueanruorv.
827 268 877 322 225

6 389 7 392 ¹
74 378 220 444 gmentnm
240 367 337 443 (rixae)
356 378 383 425 et
402 371 524 426 vilitates
541 371 802 444 tribulationesque,
824 376 878 428 mi-

75 448 152 500 nime
161 461 229 499 vero
239 453 366 500 naturam
376 444 479 500 laboris
488 454 517 501 et
527 444 629 501 doloris
640 455 781 519 expertem
795 448 876 522 ...*).

125 587 149 634 1)
164 586 186 625 Si
199 586 279 633 integri
292 584 429 625 crederentur
442 586 504 625 codd.
520 584 602 626 Armm.
615 588 648 635 (ut
661 588 817 635 quodammodo
831 600 879 638 per·

74 638 167 679 rudere
183 640 269 686 poterat
286 638 417 679 continuatio
433 646 572 677 numerorum
588 646 606 676 s.
621 640 782 686 capitulorum),
806 640 879 679 dicen-

75 691 127 729 dum
141 691 209 733 esset,
234 686 291 734 qnod
304 687 372 726 solitis
385 688 427 726 sibl
440 687 606 727 obscuritatibus
621 698 726 739 exponere
741 691 793 729 satis
811 690 879 729 duxe-

74 742 104 779 rit
116 743 193 778 numer
205 739 248 775 bec
260 746 348 775 numero
362 747 388 777 es
400 738 482 785 omnia,
496 746 551 785 qnae
564 738 670 778 habentur
684 739 737 779 Gen.
752 742 783 787 26,
798 741 878 779 19-35.

75 790 232 829 Verumtamen
249 789 305 826 mete
320 787 398 827 Latino
414 788 534 837 Interpretc
553 797 657 836 anonymo
669 790 746 829 bonne
759 794 792 830 est
804 792 827 829 in
839 801 879 830 no·

75 841 127 879 stris
150 838 272 883 codicibus,
299 847 363 885 quam
384 839 492 887 supplevit
511 838 574 877 nobis
595 839 653 877 idem
668 839 716 880 Lat.
734 840 815 890 Interp.
831 842 880 881 istie

76 900 132 939 qnae
146 890 268 939 sequuntur
280 888 336 928 inira
348 889 373 926 11
385 889 533 939 paragraphis.
559 888 639 935 Aucb.

76 1043 151 1095 mnis
162 1039 291 1094 dotamus
300 1015 479 1103 miserrimis,
491 1038 572 1095 titulo
582 1038 741 1113 infatigatae
752 1049 779 1096 et
787 1044 880 1098 minus

77 1115 233 1170 laboriosae
243 1113 388 1172 libertatis.

77 1261 240 1334 (Sequentes
264 1260 300 1315 11
320 1259 496 1332 porapropti
518 1259 613 1316 desunt
633 1260 661 1314 ira
682 1256 758 1314 Arre.
784 1277 881 1331 eaeque

76 1354 140 1402 stant
161 1345 204 1403 vel
225 1345 366 1403 enneminta
387 1344 430 1398 vel
446 1360 522 1416 pura
549 1342 615 1399 Lot.
638 1342 772 1417 Anonymi
801 1361 881 1413 arqu-

327 1437 424 1484 merrto.
467 1426 632 1498 Aucher.)

81 1558 164 1616 Qrsars
180 1559 207 1608 in
220 1559 299 1622 primo
317 1558 470 1620 dimicentur,
489 1557 590 1608 eomodo
608 1557 753 1622 iudicantur,
773 1560 797 1622 in
815 1560 882 1609 tertio

132 1633 250 1675 'cesant
286 1626 323 1677 Et
335 1626 437 1691 primam
453 1633 553 1674 vocatur
570 1626 668 1690 iniuria,
696 1627 822 1676 secundam
839 1627 882 1676 ini·

149 1694 252 1754 miano,
271 1693 363 1744 terrim
378 1692 537 1757 spaciositas?
555 1697 608 1758 (26,
626 1694 733 1760 20-22.)
754 1711 757 1715 ·

138 1793 163 1835 1.
181 1785 253 1836 Haec
265 1787 372 1850 pignora
385 1793 444 1835 sunt
455 1786 593 1835 industriae
604 1793 691 1850 utpote
701 1789 785 1850 aliquo
795 1789 822 1836 in
832 1794 883 1836 stu·

79 1855 182 1903 diesem
202 1855 305 1905 inducto
320 1854 486 1916 disciplinam.
521 1853 569 1902 list
581 1855 648 1902 enim
661 1856 802 1914 dimicatio,
824 1856 903 1908 dum,

79 1928 209 1970 amatores
223 1920 351 1969 (leoninae
366 1921 397 1978 ad
410 1920 566 1969 institutores
581 1920 712 1970 conferunt
727 1928 883 1985 opponentes

79 1989 217 2050 magistros
233 1988 329 2050 torpori
342 1988 450 2035 animae.
482 1985 553 2035 Cum
562 1994 646 2036 autem
655 1988 731 2037 fuerit
739 1989 883 2037 obstinatis·

81 2055 148 2103 sima
160 2054 347 2118 perseverantia
361 2060 387 2102 et
401 2053 516 2102 studiosa
529 2055 689 2114 exercitatio,
708 2055 759 2102 iam
772 2069 824 2104 non
833 2054 883 2102 liti-

79 2123 165 2186 gium,
176 2121 222 2170 sad
230 2121 351 2169 iudicium
360 2126 411 2179 eet,
426 2127 541 2169 comante
552 2121 652 2170 laesura
661 2136 771 2184 congrue
779 2121 883 2170 rationis

81 2196 121 2238 est
133 2189 212 2237 aluus
225 2202 332 2238 examen
345 2187 481 2249 requirere.
517 2186 638 2237 Provecto
652 2203 754 2250 nanque
772 2195 883 2236 amatore

81 2255 287 2318 disciplinarum,
307 2254 464 2304 infirmantur
476 2253 632 2318 alienigenae
647 2255 725 2303 moris
738 2255 883 2303 eruditionis

81 2323 201 2371 abdicato
219 2323 301 2385 litigio
315 2328 392 2384 atque
405 2321 513 2381 iudicio,
536 2336 566 2370 ac
579 2336 624 2391 per
637 2323 686 2370 hoc
700 2323 790 2371 merito
802 2321 884 2384 prima

80 2397 268 2452 momentapro
276 2389 388 2449 iniuriis,
402 2395 507 2450 accepta
517 2395 582 2438 sunt.
617 2389 729 2438 Patimur
739 2389 806 2437 enim
819 2389 884 2436 iniu-

80 2458 147 2506 rinm
157 2457 343 2516 desiderantes,
357 2469 428 2504 amor
437 2455 533 2504 obtinet
542 2457 692 2504 firmitatem.
728 2457 759 2504 In
774 2455 884 2503 secundo

81 2531 169 2572 autem
176 2523 295 2572 inimicos
304 2523 426 2574 sentimus
435 2536 492 2584 eos,
511 2537 564 2572 non
578 2522 779 2586 praevalentibus
792 2534 884 2568 nocere

80 2589 284 2655 alienigenarum
296 2590 423 2649 moribus,
441 2590 543 2638 inuam
558 2589 766 2653 exaggerantibus
778 2586 885 2632 inimici-

80 2657 154 2704 tiam.
182 2657 271 2706 Tertia
278 2657 356 2720 igitur
364 2656 512 2720 spaciositas
523 2664 548 2705 et
557 2658 616 2719 quia
624 2656 736 2719 perfecta
744 2651 885 2700 melioratio

82 2723 262 2774 confusionem
276 2725 349 2774 affert
361 2723 484 2783 inimicie3
506 2724 589 2772 inanis
605 2724 672 2772 enim
685 2718 796 2767 revelata
807 2722 845 2765 est
861 2721 887 2764 et

82 2791 194 2852 pravitas
204 2792 367 2851 iniuriarum,
378 2797 403 2839 et
411 2790 599 2840 inimicitiarum
607 2785 750 2837 insolentia.

117 2855 168 2908 Pru
177 2872 234 2909 rao
253 2859 314 2910 Vll.
659 2850 680 2900 P

289 3019 294 3044 l
