<?xml version="1.0" encoding="UTF-8"?>
<!DOCTYPE html PUBLIC "-//W3C//DTD XHTML 1.0 Transitional//EN"
    "http://www.w3.org/TR/xhtml1/DTD/xhtml1-transitional.dtd">
<html xmlns="http://www.w3.org/1999/xhtml" xml:lang="en" lang="en">
 <head>
  <title>
</title>
<meta http-equiv="Content-Type" content="text/html;charset=utf-8" />
  <meta name='ocr-system' content='tesseract 3.04.00' />
  <meta name='ocr-capabilities' content='ocr_page ocr_carea ocr_par ocr_line ocrx_word'/>
</head>
<body>
  <div class='ocr_page' id='page_1' title='image "./operaomniaadlib02philgoog/operaomniaadlib02philgoog_0426.png"; bbox 0 0 2050 3100; ppageno 0'>
   <div class='ocr_carea' id='block_1_1' title="bbox 2 279 788 346">
    <p class='ocr_par' dir='ltr' id='par_1_1' title="bbox 2 279 788 346">
     <span class='ocr_line' id='line_1_1' title="bbox 2 279 788 346; baseline 0.008 -16"><span class='ocrx_word' id='word_1_1' title='bbox 2 296 30 343; x_wconf 87' lang='lat' dir='ltr'><strong>t,</strong></span> <span class='ocrx_word' id='word_1_2' title='bbox 46 279 107 346; x_wconf 67' lang='lat'><strong>569]</strong></span> <span class='ocrx_word' id='word_1_3' title='bbox 182 287 307 333; x_wconf 79' lang='lat' dir='ltr'><strong>SERMO</strong></span> <span class='ocrx_word' id='word_1_4' title='bbox 330 288 379 333; x_wconf 87' lang='lat' dir='ltr'><strong>DE</strong></span> <span class='ocrx_word' id='word_1_5' title='bbox 399 288 607 335; x_wconf 81' lang='lat' dir='ltr'><strong>SAMPSONE.</strong></span> <span class='ocrx_word' id='word_1_6' title='bbox 742 282 788 336; x_wconf 77' lang='grc' dir='ltr'><strong>ΗΙ</strong></span> 
     </span>
    </p>
   </div>
   <div class='ocr_carea' id='block_1_2' title="bbox 0 388 793 610">
    <p class='ocr_par' dir='ltr' id='par_1_2' title="bbox 0 388 793 610">
     <span class='ocr_line' id='line_1_2' title="bbox 11 388 790 463; baseline 0.003 -20"><span class='ocrx_word' id='word_1_7' title='bbox 11 388 154 451; x_wconf 84' lang='lat' dir='ltr'><strong>adueens,</strong></span> <span class='ocrx_word' id='word_1_8' title='bbox 169 398 315 459; x_wconf 84' lang='lat' dir='ltr'><strong>postquam</strong></span> <span class='ocrx_word' id='word_1_9' title='bbox 325 389 472 444; x_wconf 87' lang='lat' dir='ltr'><strong>consilium</strong></span> <span class='ocrx_word' id='word_1_10' title='bbox 482 390 618 461; x_wconf 81' lang='lat' dir='ltr'>perdidit,</span> <span class='ocrx_word' id='word_1_11' title='bbox 631 389 790 463; x_wconf 82' lang='lat' dir='ltr'><strong>expergefit,</strong></span> 
     </span>
     <span class='ocr_line' id='line_1_3' title="bbox 0 462 793 538; baseline 0.009 -26"><span class='ocrx_word' id='word_1_12' title='bbox 0 482 47 518; x_wconf 62' lang='lat' dir='ltr'><strong>2m</strong></span> <span class='ocrx_word' id='word_1_13' title='bbox 62 462 207 517; x_wconf 77' lang='lat' dir='ltr'><strong>brutorum</strong></span> <span class='ocrx_word' id='word_1_14' title='bbox 222 480 296 519; x_wconf 86' lang='lat' dir='ltr'><strong>mora</strong></span> <span class='ocrx_word' id='word_1_15' title='bbox 311 465 341 518; x_wconf 94' lang='lat' dir='ltr'><strong>in</strong></span> <span class='ocrx_word' id='word_1_16' title='bbox 351 466 557 537; x_wconf 80' lang='lat' dir='ltr'>responsionem</span> <span class='ocrx_word' id='word_1_17' title='bbox 566 467 687 532; x_wconf 88' lang='lat' dir='ltr'><strong>irruens,</strong></span> <span class='ocrx_word' id='word_1_18' title='bbox 701 470 793 538; x_wconf 88' lang='lat' dir='ltr'><strong>&#39;quam</strong></span> 
     </span>
     <span class='ocr_line' id='line_1_4' title="bbox 2 538 433 610; baseline 0.014 -22"><span class='ocrx_word' id='word_1_19' title='bbox 2 565 8 588; x_wconf 84' lang='lat' dir='ltr'><strong>t</strong></span> <span class='ocrx_word' id='word_1_20' title='bbox 17 548 68 595; x_wconf 88' lang='lat' dir='ltr'><strong>tus</strong></span> <span class='ocrx_word' id='word_1_21' title='bbox 78 538 109 593; x_wconf 92' lang='lat' dir='ltr'><strong>in</strong></span> <span class='ocrx_word' id='word_1_22' title='bbox 120 538 227 610; x_wconf 81' lang='lat' dir='ltr'>laqueis</span> <span class='ocrx_word' id='word_1_23' title='bbox 237 556 267 593; x_wconf 88' lang='lat' dir='ltr'><strong>se</strong></span> <span class='ocrx_word' id='word_1_24' title='bbox 277 539 433 595; x_wconf 87' lang='lat' dir='ltr'><strong>includens.</strong></span> 
     </span>
    </p>
   </div>
   <div class='ocr_carea' id='block_1_3' title="bbox 0 664 868 2097">
    <p class='ocr_par' dir='ltr' id='par_1_3' title="bbox 0 664 868 1793">
     <span class='ocr_line' id='line_1_5' title="bbox 37 664 794 739; baseline -0.001 -20"><span class='ocrx_word' id='word_1_25' title='bbox 37 668 95 733; x_wconf 61' lang='grc'>,33.</span> <span class='ocrx_word' id='word_1_26' title='bbox 120 664 312 719; x_wconf 76' lang='lat' dir='ltr'><strong>Verumtamen</strong></span> <span class='ocrx_word' id='word_1_27' title='bbox 327 683 383 721; x_wconf 94' lang='lat' dir='ltr'><strong>non</strong></span> <span class='ocrx_word' id='word_1_28' title='bbox 402 668 490 738; x_wconf 89' lang='lat' dir='ltr'><strong>potuit</strong></span> <span class='ocrx_word' id='word_1_29' title='bbox 510 666 645 739; x_wconf 84' lang='lat' dir='ltr'><strong>Sampson</strong></span> <span class='ocrx_word' id='word_1_30' title='bbox 660 664 749 738; x_wconf 79' lang='lat' dir='ltr'><strong>(alios)</strong></span> <span class='ocrx_word' id='word_1_31' title='bbox 764 666 794 719; x_wconf 93' lang='lat' dir='ltr'><strong>in</strong></span> 
     </span>
     <span class='ocr_line' id='line_1_6' title="bbox 0 739 794 813; baseline 0.005 -23"><span class='ocrx_word' id='word_1_32' title='bbox 0 756 127 812; x_wconf 86' lang='lat' dir='ltr'><strong>queum</strong></span> <span class='ocrx_word' id='word_1_33' title='bbox 137 740 286 805; x_wconf 87' lang='lat' dir='ltr'><strong>coniicere,</strong></span> <span class='ocrx_word' id='word_1_34' title='bbox 308 739 358 795; x_wconf 85' lang='lat' dir='ltr'><strong>sed</strong></span> <span class='ocrx_word' id='word_1_35' title='bbox 368 742 460 813; x_wconf 89' lang='lat' dir='ltr'><strong>potius</strong></span> <span class='ocrx_word' id='word_1_36' title='bbox 470 742 588 797; x_wconf 84' lang='lat' dir='ltr'><strong>insidias</strong></span> <span class='ocrx_word' id='word_1_37' title='bbox 599 741 634 795; x_wconf 90' lang='lat' dir='ltr'><strong>ab</strong></span> <span class='ocrx_word' id='word_1_38' title='bbox 644 758 676 796; x_wconf 88' lang='lat' dir='ltr'><strong>co</strong></span> <span class='ocrx_word' id='word_1_39' title='bbox 685 748 794 813; x_wconf 88' lang='lat' dir='ltr'><strong>paratas</strong></span> 
     </span>
     <span class='ocr_line' id='line_1_7' title="bbox 8 814 794 888; baseline -0.003 -17"><span class='ocrx_word' id='word_1_40' title='bbox 8 815 102 887; x_wconf 89' lang='lat' dir='ltr'><strong>irupit</strong></span> <span class='ocrx_word' id='word_1_41' title='bbox 116 814 279 871; x_wconf 87' lang='lat' dir='ltr'><strong>intermedia</strong></span> <span class='ocrx_word' id='word_1_42' title='bbox 294 816 408 881; x_wconf 89' lang='lat' dir='ltr'><strong>mulier,</strong></span> <span class='ocrx_word' id='word_1_43' title='bbox 435 826 461 871; x_wconf 90' lang='lat' dir='ltr'><strong>et</strong></span> <span class='ocrx_word' id='word_1_44' title='bbox 481 826 638 873; x_wconf 80' lang='lat' dir='ltr'><strong>venatorem</strong></span> <span class='ocrx_word' id='word_1_45' title='bbox 656 817 686 870; x_wconf 93' lang='lat' dir='ltr'><strong>in</strong></span> <span class='ocrx_word' id='word_1_46' title='bbox 704 816 794 888; x_wconf 87' lang='lat' dir='ltr'><strong>ipsius</strong></span> 
     </span>
     <span class='ocr_line' id='line_1_8' title="bbox 4 890 795 964; baseline -0.001 -18"><span class='ocrx_word' id='word_1_47' title='bbox 4 892 178 954; x_wconf 84' lang='lat' dir='ltr'><strong>ircumvenit</strong></span> <span class='ocrx_word' id='word_1_48' title='bbox 193 891 305 964; x_wconf 89' lang='lat' dir='ltr'><strong>laqueo,</strong></span> <span class='ocrx_word' id='word_1_49' title='bbox 327 898 354 945; x_wconf 90' lang='lat' dir='ltr'><strong>et</strong></span> <span class='ocrx_word' id='word_1_50' title='bbox 367 908 436 962; x_wconf 90' lang='lat' dir='ltr'><strong>quos</strong></span> <span class='ocrx_word' id='word_1_51' title='bbox 450 892 615 956; x_wconf 82' lang='lat' dir='ltr'><strong>venabatur,</strong></span> <span class='ocrx_word' id='word_1_52' title='bbox 636 892 739 947; x_wconf 89' lang='lat' dir='ltr'><strong>liberos</strong></span> <span class='ocrx_word' id='word_1_53' title='bbox 750 890 795 945; x_wconf 93' lang='lat' dir='ltr'><strong>di-</strong></span> 
     </span>
     <span class='ocr_line' id='line_1_9' title="bbox 2 966 794 1037; baseline 0.005 -21"><span class='ocrx_word' id='word_1_54' title='bbox 2 966 71 1021; x_wconf 61' lang='lat' dir='ltr'><strong>risit</strong></span> <span class='ocrx_word' id='word_1_55' title='bbox 86 982 101 1019; x_wconf 86' lang='lat' dir='ltr'><strong>a</strong></span> <span class='ocrx_word' id='word_1_56' title='bbox 116 966 253 1037; x_wconf 89' lang='lat' dir='ltr'><strong>periculo,</strong></span> <span class='ocrx_word' id='word_1_57' title='bbox 275 966 387 1021; x_wconf 89' lang='lat' dir='ltr'><strong>insidiis</strong></span> <span class='ocrx_word' id='word_1_58' title='bbox 403 968 560 1023; x_wconf 87' lang='lat' dir='ltr'><strong>minutatim</strong></span> <span class='ocrx_word' id='word_1_59' title='bbox 575 967 679 1021; x_wconf 83' lang='lat' dir='ltr'><strong>fractis.</strong></span> <span class='ocrx_word' id='word_1_60' title='bbox 719 966 794 1021; x_wconf 79' lang='lat' dir='ltr'><strong>&#39;l&#39;alis</strong></span> 
     </span>
     <span class='ocr_line' id='line_1_10' title="bbox 2 1039 795 1114; baseline -0.003 -17"><span class='ocrx_word' id='word_1_61' title='bbox 2 1050 49 1105; x_wconf 90' lang='lat' dir='ltr'><strong>st,</strong></span> <span class='ocrx_word' id='word_1_62' title='bbox 64 1056 82 1094; x_wconf 94' lang='lat' dir='ltr'><strong>o</strong></span> <span class='ocrx_word' id='word_1_63' title='bbox 93 1039 241 1111; x_wconf 88' lang='lat' dir='ltr'><strong>Sampson,</strong></span> <span class='ocrx_word' id='word_1_64' title='bbox 254 1041 423 1114; x_wconf 80' lang='lat' dir='ltr'><strong>alienigena3</strong></span> <span class='ocrx_word' id='word_1_65' title='bbox 447 1041 593 1110; x_wconf 77' lang='lat' dir='ltr'><strong>concordat</strong></span> <span class='ocrx_word' id='word_1_66' title='bbox 602 1040 670 1095; x_wconf 86' lang='lat' dir='ltr'><strong>alias</strong></span> <span class='ocrx_word' id='word_1_67' title='bbox 681 1041 795 1113; x_wconf 89' lang='lat' dir='ltr'><strong>copula-</strong></span> 
     </span>
     <span class='ocr_line' id='line_1_11' title="bbox 8 1115 795 1173; baseline -0.005 0"><span class='ocrx_word' id='word_1_68' title='bbox 8 1116 62 1173; x_wconf 93' lang='lat' dir='ltr'><strong>oni</strong></span> <span class='ocrx_word' id='word_1_69' title='bbox 72 1116 226 1171; x_wconf 87' lang='lat' dir='ltr'><strong>secundum</strong></span> <span class='ocrx_word' id='word_1_70' title='bbox 236 1134 347 1171; x_wconf 89' lang='lat' dir='ltr'><strong>carnem</strong></span> <span class='ocrx_word' id='word_1_71' title='bbox 357 1125 383 1172; x_wconf 86' lang='lat' dir='ltr'><strong>et</strong></span> <span class='ocrx_word' id='word_1_72' title='bbox 393 1118 493 1173; x_wconf 91' lang='lat' dir='ltr'><strong>amoris</strong></span> <span class='ocrx_word' id='word_1_73' title='bbox 504 1117 622 1172; x_wconf 84' lang='lat' dir='ltr'><strong>fideliter</strong></span> <span class='ocrx_word' id='word_1_74' title='bbox 631 1115 795 1170; x_wconf 89' lang='lat' dir='ltr'><strong>similitudi-</strong></span> 
     </span>
     <span class='ocr_line' id='line_1_12' title="bbox 7 1190 792 1263; baseline -0.005 -16"><span class='ocrx_word' id='word_1_75' title='bbox 7 1210 41 1247; x_wconf 88' lang='lat' dir='ltr'><strong>es</strong></span> <span class='ocrx_word' id='word_1_76' title='bbox 52 1190 179 1262; x_wconf 85' lang='lat' dir='ltr'><strong>praebet,</strong></span> <span class='ocrx_word' id='word_1_77' title='bbox 195 1199 276 1263; x_wconf 85' lang='lat' dir='ltr'><strong>atque</strong></span> <span class='ocrx_word' id='word_1_78' title='bbox 286 1209 405 1263; x_wconf 83' lang='lat' dir='ltr'><strong>quocum</strong></span> <span class='ocrx_word' id='word_1_79' title='bbox 415 1193 600 1248; x_wconf 89' lang='lat' dir='ltr'><strong>communicat</strong></span> <span class='ocrx_word' id='word_1_80' title='bbox 609 1191 682 1259; x_wconf 78' lang='lat' dir='ltr'><strong>coitu</strong></span> <span class='ocrx_word' id='word_1_81' title='bbox 693 1192 792 1254; x_wconf 87' lang='lat' dir='ltr'><strong>carnis,</strong></span> 
     </span>
     <span class='ocr_line' id='line_1_13' title="bbox 2 1265 794 1339; baseline -0.006 -16"><span class='ocrx_word' id='word_1_82' title='bbox 2 1282 57 1323; x_wconf 90' lang='lat' dir='ltr'><strong>um</strong></span> <span class='ocrx_word' id='word_1_83' title='bbox 67 1266 118 1321; x_wconf 92' lang='lat' dir='ltr'><strong>illo</strong></span> <span class='ocrx_word' id='word_1_84' title='bbox 126 1276 233 1339; x_wconf 81' lang='lat' dir='ltr'><strong>pugnat</strong></span> <span class='ocrx_word' id='word_1_85' title='bbox 242 1268 345 1333; x_wconf 88' lang='lat' dir='ltr'><strong>anima,</strong></span> <span class='ocrx_word' id='word_1_86' title='bbox 357 1268 516 1339; x_wconf 87' lang='lat' dir='ltr'><strong>dividitque</strong></span> <span class='ocrx_word' id='word_1_87' title='bbox 525 1284 605 1323; x_wconf 89' lang='lat' dir='ltr'><strong>snam</strong></span> <span class='ocrx_word' id='word_1_88' title='bbox 614 1265 794 1320; x_wconf 86' lang='lat' dir='ltr'><strong>hereditatem</strong></span> 
     </span>
     <span class='ocr_line' id='line_1_14' title="bbox 3 1339 796 1417; baseline -0.003 -23"><span class='ocrx_word' id='word_1_89' title='bbox 3 1369 9 1394; x_wconf 85' lang='lat' dir='ltr'><strong>t</strong></span> <span class='ocrx_word' id='word_1_90' title='bbox 30 1350 130 1415; x_wconf 80' lang='lat' dir='ltr'><strong>gentes</strong></span> <span class='ocrx_word' id='word_1_91' title='bbox 141 1340 195 1415; x_wconf 87' lang='lat' dir='ltr'><strong>(vel</strong></span> <span class='ocrx_word' id='word_1_92' title='bbox 207 1342 449 1417; x_wconf 80' lang='lat' dir='ltr'><strong>consanguineos):</strong></span> <span class='ocrx_word' id='word_1_93' title='bbox 467 1360 579 1414; x_wconf 82' lang='lat' dir='ltr'><strong>corpora</strong></span> <span class='ocrx_word' id='word_1_94' title='bbox 586 1358 684 1414; x_wconf 90' lang='lat' dir='ltr'><strong>pacem</strong></span> <span class='ocrx_word' id='word_1_95' title='bbox 694 1339 755 1404; x_wconf 86' lang='lat' dir='ltr'><strong>fert,</strong></span> <span class='ocrx_word' id='word_1_96' title='bbox 768 1346 796 1393; x_wconf 89' lang='lat' dir='ltr'><strong>et</strong></span> 
     </span>
     <span class='ocr_line' id='line_1_15' title="bbox 10 1412 795 1491; baseline -0.004 -21"><span class='ocrx_word' id='word_1_97' title='bbox 10 1419 86 1472; x_wconf 66' lang='lat' dir='ltr'><strong>aima</strong></span> <span class='ocrx_word' id='word_1_98' title='bbox 101 1416 214 1472; x_wconf 86' lang='lat' dir='ltr'><strong>rebellis</strong></span> <span class='ocrx_word' id='word_1_99' title='bbox 228 1425 279 1472; x_wconf 88' lang='lat' dir='ltr'><strong>est.</strong></span> <span class='ocrx_word' id='word_1_100' title='bbox 317 1420 374 1473; x_wconf 91' lang='lat' dir='ltr'><strong>lmo</strong></span> <span class='ocrx_word' id='word_1_101' title='bbox 389 1420 481 1491; x_wconf 87' lang='lat' dir='ltr'><strong>potius</strong></span> <span class='ocrx_word' id='word_1_102' title='bbox 497 1418 723 1488; x_wconf 89' lang='lat' dir='ltr'><strong>nihilpacatum,</strong></span> <span class='ocrx_word' id='word_1_103' title='bbox 744 1412 795 1468; x_wconf 88' lang='lat' dir='ltr'><strong>sed</strong></span> 
     </span>
     <span class='ocr_line' id='line_1_16' title="bbox 3 1491 868 1567; baseline -0.007 -17"><span class='ocrx_word' id='word_1_104' title='bbox 3 1494 87 1550; x_wconf 90' lang='lat' dir='ltr'><strong>mnia</strong></span> <span class='ocrx_word' id='word_1_105' title='bbox 101 1491 291 1566; x_wconf 82' lang='lat' dir='ltr'><strong>belligerantis</strong></span> <span class='ocrx_word' id='word_1_106' title='bbox 305 1510 380 1550; x_wconf 88' lang='lat' dir='ltr'><strong>more</strong></span> <span class='ocrx_word' id='word_1_107' title='bbox 394 1501 535 1567; x_wconf 63' lang='lat' dir='ltr'><strong>operatum</strong></span> <span class='ocrx_word' id='word_1_108' title='bbox 558 1492 630 1547; x_wconf 96' lang='lat' dir='ltr'><strong>nulli</strong></span> <span class='ocrx_word' id='word_1_109' title='bbox 643 1492 718 1545; x_wconf 90' lang='lat' dir='ltr'><strong>enim</strong></span> <span class='ocrx_word' id='word_1_110' title='bbox 730 1508 796 1564; x_wconf 89' lang='lat' dir='ltr'><strong>per·</strong></span> <span class='ocrx_word' id='word_1_111' title='bbox 867 1529 868 1534; x_wconf 17' lang='grc' dir='ltr'><strong>κ</strong></span> 
     </span>
     <span class='ocr_line' id='line_1_17' title="bbox 4 1569 795 1640; baseline 0.004 -21"><span class='ocrx_word' id='word_1_112' title='bbox 4 1569 79 1624; x_wconf 85' lang='lat' dir='ltr'><strong>.ittit</strong></span> <span class='ocrx_word' id='word_1_113' title='bbox 89 1570 197 1640; x_wconf 86' lang='lat' dir='ltr'><strong>corpori</strong></span> <span class='ocrx_word' id='word_1_114' title='bbox 207 1569 318 1634; x_wconf 89' lang='lat' dir='ltr'><strong>salvari,</strong></span> <span class='ocrx_word' id='word_1_115' title='bbox 330 1571 385 1625; x_wconf 88' lang='lat' dir='ltr'><strong>nisi</strong></span> <span class='ocrx_word' id='word_1_116' title='bbox 396 1569 580 1625; x_wconf 88' lang='lat' dir='ltr'><strong>insidietur-ei</strong></span> <span class='ocrx_word' id='word_1_117' title='bbox 590 1584 673 1640; x_wconf 91' lang='lat' dir='ltr'><strong>quem</strong></span> <span class='ocrx_word' id='word_1_118' title='bbox 684 1583 795 1623; x_wconf 87' lang='lat' dir='ltr'><strong>servare</strong></span> 
     </span>
     <span class='ocr_line' id='line_1_18' title="bbox 6 1644 795 1702; baseline -0.003 -2"><span class='ocrx_word' id='word_1_119' title='bbox 6 1644 151 1700; x_wconf 87' lang='lat' dir='ltr'><strong>ollicetur.</strong></span> <span class='ocrx_word' id='word_1_120' title='bbox 191 1644 246 1699; x_wconf 89' lang='lat' dir='ltr'><strong>Sed</strong></span> <span class='ocrx_word' id='word_1_121' title='bbox 256 1644 328 1700; x_wconf 92' lang='lat' dir='ltr'><strong>illud</strong></span> <span class='ocrx_word' id='word_1_122' title='bbox 342 1645 376 1700; x_wconf 91' lang='lat' dir='ltr'><strong>ad</strong></span> <span class='ocrx_word' id='word_1_123' title='bbox 387 1646 553 1702; x_wconf 88' lang='lat' dir='ltr'><strong>insidiarum</strong></span> <span class='ocrx_word' id='word_1_124' title='bbox 563 1645 726 1700; x_wconf 86' lang='lat' dir='ltr'><strong>colationem</strong></span> <span class='ocrx_word' id='word_1_125' title='bbox 736 1661 795 1698; x_wconf 91' lang='lat' dir='ltr'><strong>mo-</strong></span> 
     </span>
     <span class='ocr_line' id='line_1_19' title="bbox 9 1719 795 1793; baseline -0.001 -18"><span class='ocrx_word' id='word_1_126' title='bbox 9 1731 74 1785; x_wconf 89' lang='lat' dir='ltr'><strong>tur,</strong></span> <span class='ocrx_word' id='word_1_127' title='bbox 91 1728 123 1775; x_wconf 89' lang='lat' dir='ltr'><strong>ut</strong></span> <span class='ocrx_word' id='word_1_128' title='bbox 132 1719 245 1776; x_wconf 83' lang='lat' dir='ltr'><strong>visibile</strong></span> <span class='ocrx_word' id='word_1_129' title='bbox 256 1721 333 1776; x_wconf 88' lang='lat' dir='ltr'><strong>velut</strong></span> <span class='ocrx_word' id='word_1_130' title='bbox 342 1721 410 1776; x_wconf 89' lang='lat' dir='ltr'><strong>utile</strong></span> <span class='ocrx_word' id='word_1_131' title='bbox 419 1723 483 1793; x_wconf 92' lang='lat' dir='ltr'><strong>quis</strong></span> <span class='ocrx_word' id='word_1_132' title='bbox 496 1721 648 1792; x_wconf 88' lang='lat' dir='ltr'><strong>recipiens,</strong></span> <span class='ocrx_word' id='word_1_133' title='bbox 665 1719 795 1775; x_wconf 87' lang='lat' dir='ltr'><strong>latentem</strong></span> 
     </span>
    </p>

    <p class='ocr_par' dir='ltr' id='par_1_4' title="bbox 6 1794 795 2097">
     <span class='ocr_line' id='line_1_20' title="bbox 23 1794 794 1868; baseline -0.003 -18"><span class='ocrx_word' id='word_1_134' title='bbox 23 1795 130 1867; x_wconf 88' lang='lat' dir='ltr'><strong>scipiat</strong></span> <span class='ocrx_word' id='word_1_135' title='bbox 144 1794 274 1851; x_wconf 89' lang='lat' dir='ltr'><strong>lethalem</strong></span> <span class='ocrx_word' id='word_1_136' title='bbox 288 1794 421 1850; x_wconf 87' lang='lat' dir='ltr'><strong>fructum:</strong></span> <span class='ocrx_word' id='word_1_137' title='bbox 452 1795 686 1868; x_wconf 90' lang='lat' dir='ltr'><strong>quemadmodum</strong></span> <span class='ocrx_word' id='word_1_138' title='bbox 700 1795 749 1866; x_wconf 93' lang='lat' dir='ltr'><strong>qni</strong></span> <span class='ocrx_word' id='word_1_139' title='bbox 764 1795 794 1849; x_wconf 91' lang='lat' dir='ltr'><strong>in</strong></span> 
     </span>
     <span class='ocr_line' id='line_1_21' title="bbox 7 1871 792 1943; baseline -0.004 -16"><span class='ocrx_word' id='word_1_140' title='bbox 7 1886 80 1943; x_wconf 88' lang='lat' dir='ltr'><strong>apes</strong></span> <span class='ocrx_word' id='word_1_141' title='bbox 95 1887 201 1925; x_wconf 87' lang='lat' dir='ltr'><strong>venena</strong></span> <span class='ocrx_word' id='word_1_142' title='bbox 215 1871 406 1936; x_wconf 80' lang='lat' dir='ltr'><strong>commiscent,</strong></span> <span class='ocrx_word' id='word_1_143' title='bbox 433 1881 517 1928; x_wconf 88' lang='lat' dir='ltr'><strong>artem</strong></span> <span class='ocrx_word' id='word_1_144' title='bbox 532 1872 588 1927; x_wconf 91' lang='lat' dir='ltr'><strong>cibi</strong></span> <span class='ocrx_word' id='word_1_145' title='bbox 602 1879 792 1935; x_wconf 88' lang='lat' dir='ltr'><strong>monstrantes,</strong></span> 
     </span>
     <span class='ocr_line' id='line_1_22' title="bbox 6 1945 795 2020; baseline -0.003 -18"><span class='ocrx_word' id='word_1_146' title='bbox 6 1956 20 2002; x_wconf 87' lang='lat' dir='ltr'><strong>t</strong></span> <span class='ocrx_word' id='word_1_147' title='bbox 36 1945 193 2020; x_wconf 88' lang='lat' dir='ltr'><strong>decipiant,</strong></span> <span class='ocrx_word' id='word_1_148' title='bbox 213 1947 255 2000; x_wconf 87' lang='lat' dir='ltr'><strong>sic</strong></span> <span class='ocrx_word' id='word_1_149' title='bbox 270 1947 351 2002; x_wconf 87' lang='lat' dir='ltr'><strong>etiam</strong></span> <span class='ocrx_word' id='word_1_150' title='bbox 366 1947 469 2014; x_wconf 86' lang='lat' dir='ltr'><strong>malum</strong></span> <span class='ocrx_word' id='word_1_151' title='bbox 480 1947 606 2002; x_wconf 83' lang='lat' dir='ltr'><strong>effectum</strong></span> <span class='ocrx_word' id='word_1_152' title='bbox 616 1947 650 2001; x_wconf 92' lang='lat' dir='ltr'><strong>ab</strong></span> <span class='ocrx_word' id='word_1_153' title='bbox 661 1949 722 2019; x_wconf 90' lang='lat' dir='ltr'><strong>ipsa</strong></span> <span class='ocrx_word' id='word_1_154' title='bbox 731 1963 795 2000; x_wconf 92' lang='lat' dir='ltr'><strong>mu·</strong></span> 
     </span>
     <span class='ocr_line' id='line_1_23' title="bbox 10 2020 792 2097; baseline -0.003 -20"><span class='ocrx_word' id='word_1_155' title='bbox 10 2037 63 2077; x_wconf 91' lang='lat' dir='ltr'><strong>ere</strong></span> <span class='ocrx_word' id='word_1_156' title='bbox 77 2022 177 2076; x_wconf 91' lang='lat' dir='ltr'><strong>veneni</strong></span> <span class='ocrx_word' id='word_1_157' title='bbox 193 2021 279 2077; x_wconf 89' lang='lat' dir='ltr'><strong>instar</strong></span> <span class='ocrx_word' id='word_1_158' title='bbox 294 2031 436 2095; x_wconf 87' lang='lat' dir='ltr'><strong>acceptum</strong></span> <span class='ocrx_word' id='word_1_159' title='bbox 451 2024 480 2077; x_wconf 91' lang='lat' dir='ltr'><strong>in</strong></span> <span class='ocrx_word' id='word_1_160' title='bbox 494 2041 525 2078; x_wconf 89' lang='lat' dir='ltr'><strong>se</strong></span> <span class='ocrx_word' id='word_1_161' title='bbox 539 2020 579 2097; x_wconf 71' lang='grc' dir='ltr'><strong>[Ἴ</strong></span> <span class='ocrx_word' id='word_1_162' title='bbox 596 2022 792 2078; x_wconf 87' lang='lat' dir='ltr'><strong>demonstrant.</strong></span> 
     </span>
    </p>
   </div>
   <div class='ocr_carea' id='block_1_4' title="bbox 0 2147 795 2899">
    <p class='ocr_par' dir='ltr' id='par_1_5' title="bbox 0 2147 795 2899">
     <span class='ocr_line' id='line_1_24' title="bbox 48 2147 793 2219; baseline -0.001 -17"><span class='ocrx_word' id='word_1_163' title='bbox 48 2151 92 2202; x_wconf 80' lang='lat' dir='ltr'><strong>at.</strong></span> <span class='ocrx_word' id='word_1_164' title='bbox 114 2147 211 2203; x_wconf 72' lang='lat' dir='ltr'><strong>Viden*</strong></span> <span class='ocrx_word' id='word_1_165' title='bbox 222 2149 308 2204; x_wconf 89' lang='lat' dir='ltr'><strong>animi</strong></span> <span class='ocrx_word' id='word_1_166' title='bbox 317 2147 430 2204; x_wconf 80' lang='lat' dir='ltr'><strong>dolum?</strong></span> <span class='ocrx_word' id='word_1_167' title='bbox 447 2148 601 2214; x_wconf 77' lang='lat' dir='ltr'><strong>Aberrasti,</strong></span> <span class='ocrx_word' id='word_1_168' title='bbox 617 2167 634 2204; x_wconf 94' lang='lat' dir='ltr'><strong>o</strong></span> <span class='ocrx_word' id='word_1_169' title='bbox 648 2149 793 2219; x_wconf 87' lang='lat' dir='ltr'><strong>Sampson,</strong></span> 
     </span>
     <span class='ocr_line' id='line_1_25' title="bbox 8 2223 792 2297; baseline -0.005 -18"><span class='ocrx_word' id='word_1_170' title='bbox 8 2241 42 2279; x_wconf 89' lang='lat' dir='ltr'><strong>er</strong></span> <span class='ocrx_word' id='word_1_171' title='bbox 58 2223 205 2277; x_wconf 89' lang='lat' dir='ltr'><strong>mulierem</strong></span> <span class='ocrx_word' id='word_1_172' title='bbox 219 2224 255 2278; x_wconf 90' lang='lat' dir='ltr'><strong>de</strong></span> <span class='ocrx_word' id='word_1_173' title='bbox 268 2225 395 2280; x_wconf 90' lang='lat' dir='ltr'><strong>victoria.</strong></span> <span class='ocrx_word' id='word_1_174' title='bbox 438 2223 556 2280; x_wconf 81' lang='lat' dir='ltr'><strong>Attende</strong></span> <span class='ocrx_word' id='word_1_175' title='bbox 571 2241 636 2297; x_wconf 84' lang='lat' dir='ltr'><strong>ergo</strong></span> <span class='ocrx_word' id='word_1_176' title='bbox 650 2224 792 2294; x_wconf 88' lang='lat' dir='ltr'><strong>deinceps,</strong></span> 
     </span>
     <span class='ocr_line' id='line_1_26' title="bbox 9 2298 795 2372; baseline -0.004 -18"><span class='ocrx_word' id='word_1_177' title='bbox 9 2317 26 2354; x_wconf 92' lang='lat' dir='ltr'><strong>e</strong></span> <span class='ocrx_word' id='word_1_178' title='bbox 41 2299 73 2353; x_wconf 93' lang='lat' dir='ltr'><strong>in</strong></span> <span class='ocrx_word' id='word_1_179' title='bbox 88 2298 243 2354; x_wconf 88' lang='lat' dir='ltr'><strong>secundnm</strong></span> <span class='ocrx_word' id='word_1_180' title='bbox 259 2299 380 2372; x_wconf 82' lang='lat' dir='ltr'><strong>lapidem</strong></span> <span class='ocrx_word' id='word_1_181' title='bbox 394 2298 534 2355; x_wconf 78' lang='lat' dir='ltr'><strong>offendens</strong></span> <span class='ocrx_word' id='word_1_182' title='bbox 548 2308 589 2364; x_wconf 89' lang='lat' dir='ltr'><strong>te,</strong></span> <span class='ocrx_word' id='word_1_183' title='bbox 609 2300 719 2371; x_wconf 89' lang='lat' dir='ltr'><strong>lapsum</strong></span> <span class='ocrx_word' id='word_1_184' title='bbox 730 2313 795 2368; x_wconf 93' lang='lat' dir='ltr'><strong>pro-</strong></span> 
     </span>
     <span class='ocr_line' id='line_1_27' title="bbox 0 2370 795 2448; baseline -0.006 -19"><span class='ocrx_word' id='word_1_185' title='bbox 0 2374 118 2436; x_wconf 83' lang='lat' dir='ltr'><strong>avenis,</strong></span> <span class='ocrx_word' id='word_1_186' title='bbox 134 2370 192 2428; x_wconf 90' lang='lat' dir='ltr'><strong>imo&#39;</strong></span> <span class='ocrx_word' id='word_1_187' title='bbox 202 2375 304 2448; x_wconf 81' lang='lat' dir='ltr'><strong>magis,</strong></span> <span class='ocrx_word' id='word_1_188' title='bbox 321 2375 395 2430; x_wconf 90' lang='lat' dir='ltr'><strong>nain</strong></span> <span class='ocrx_word' id='word_1_189' title='bbox 408 2375 527 2430; x_wconf 90' lang='lat' dir='ltr'><strong>eundem</strong></span> <span class='ocrx_word' id='word_1_190' title='bbox 537 2374 660 2447; x_wconf 91' lang='lat' dir='ltr'><strong>lapidem</strong></span> <span class='ocrx_word' id='word_1_191' title='bbox 673 2370 795 2427; x_wconf 86' lang='lat' dir='ltr'><strong>secundo</strong></span> 
     </span>
     <span class='ocr_line' id='line_1_28' title="bbox 6 2450 791 2523; baseline -0.006 -21"><span class='ocrx_word' id='word_1_192' title='bbox 6 2450 144 2521; x_wconf 73' lang='lat' dir='ltr'><strong>epinges.</strong></span> <span class='ocrx_word' id='word_1_193' title='bbox 185 2451 225 2504; x_wconf 90' lang='lat' dir='ltr'><strong>Ne</strong></span> <span class='ocrx_word' id='word_1_194' title='bbox 239 2451 363 2523; x_wconf 82' lang='lat' dir='ltr'><strong>ignores,</strong></span> <span class='ocrx_word' id='word_1_195' title='bbox 389 2468 473 2523; x_wconf 92' lang='lat' dir='ltr'><strong>qnam</strong></span> <span class='ocrx_word' id='word_1_196' title='bbox 487 2450 627 2512; x_wconf 87' lang='lat' dir='ltr'><strong>didicisti,</strong></span> <span class='ocrx_word' id='word_1_197' title='bbox 653 2455 791 2511; x_wconf 82' lang='lat' dir='ltr'><strong>naturam3</strong></span> 
     </span>
     <span class='ocr_line' id='line_1_29' title="bbox 4 2519 794 2580; baseline -0.005 -2"><span class='ocrx_word' id='word_1_198' title='bbox 4 2525 150 2579; x_wconf 89' lang='lat' dir='ltr'><strong>ccuratior.</strong></span> <span class='ocrx_word' id='word_1_199' title='bbox 160 2540 192 2578; x_wconf 90' lang='lat' dir='ltr'><strong>ac</strong></span> <span class='ocrx_word' id='word_1_200' title='bbox 206 2526 372 2580; x_wconf 89' lang='lat' dir='ltr'><strong>constantior</strong></span> <span class='ocrx_word' id='word_1_201' title='bbox 386 2525 456 2580; x_wconf 89' lang='lat' dir='ltr'><strong>mihi</strong></span> <span class='ocrx_word' id='word_1_202' title='bbox 473 2525 576 2580; x_wconf 89' lang='lat' dir='ltr'><strong>debinc</strong></span> <span class='ocrx_word' id='word_1_203' title='bbox 595 2531 662 2578; x_wconf 86' lang='lat' dir='ltr'><strong>esto.</strong></span> <span class='ocrx_word' id='word_1_204' title='bbox 706 2519 794 2574; x_wconf 85' lang='lat' dir='ltr'><strong>Saeva</strong></span> 
     </span>
     <span class='ocr_line' id='line_1_30' title="bbox 4 2594 795 2673; baseline -0.009 -20"><span class='ocrx_word' id='word_1_205' title='bbox 4 2610 76 2671; x_wconf 88' lang='lat' dir='ltr'><strong>tque</strong></span> <span class='ocrx_word' id='word_1_206' title='bbox 91 2598 175 2654; x_wconf 87' lang='lat' dir='ltr'><strong>valde</strong></span> <span class='ocrx_word' id='word_1_207' title='bbox 193 2600 392 2673; x_wconf 88' lang='lat' dir='ltr'><strong>insuperabilis</strong></span> <span class='ocrx_word' id='word_1_208' title='bbox 406 2609 461 2664; x_wconf 88' lang='lat' dir='ltr'><strong>est,</strong></span> <span class='ocrx_word' id='word_1_209' title='bbox 480 2618 496 2655; x_wconf 89' lang='grc' dir='ltr'>ο</span> <span class='ocrx_word' id='word_1_210' title='bbox 510 2600 659 2671; x_wconf 89' lang='lat' dir='ltr'><strong>Sampson,</strong></span> <span class='ocrx_word' id='word_1_211' title='bbox 676 2594 795 2650; x_wconf 84' lang='lat' dir='ltr'><strong>feminea</strong></span> 
     </span>
     <span class='ocr_line' id='line_1_31' title="bbox 0 2668 793 2746; baseline -0.01 -16"><span class='ocrx_word' id='word_1_212' title='bbox 0 2692 76 2739; x_wconf 89' lang='lat' dir='ltr'><strong>ens,</strong></span> <span class='ocrx_word' id='word_1_213' title='bbox 88 2675 127 2729; x_wconf 89' lang='lat' dir='ltr'><strong>ita</strong></span> <span class='ocrx_word' id='word_1_214' title='bbox 137 2682 205 2729; x_wconf 89' lang='lat' dir='ltr'><strong>utet</strong></span> <span class='ocrx_word' id='word_1_215' title='bbox 215 2674 311 2730; x_wconf 80' lang='lat' dir='ltr'><strong>fortem</strong></span> <span class='ocrx_word' id='word_1_216' title='bbox 322 2676 460 2732; x_wconf 84' lang='lat' dir='ltr'><strong>emulcere</strong></span> <span class='ocrx_word' id='word_1_217' title='bbox 471 2683 553 2746; x_wconf 90' lang='lat' dir='ltr'><strong>atque</strong></span> <span class='ocrx_word' id='word_1_218' title='bbox 562 2670 686 2728; x_wconf 86' lang='lat' dir='ltr'><strong>emollire</strong></span> <span class='ocrx_word' id='word_1_219' title='bbox 696 2668 793 2740; x_wconf 89' lang='lat' dir='ltr'><strong>possit,</strong></span> 
     </span>
     <span class='ocr_line' id='line_1_32' title="bbox 4 2743 795 2821; baseline -0.014 -15"><span class='ocrx_word' id='word_1_220' title='bbox 4 2760 16 2806; x_wconf 88' lang='lat' dir='ltr'><strong>t</strong></span> <span class='ocrx_word' id='word_1_221' title='bbox 37 2750 162 2821; x_wconf 87' lang='lat' dir='ltr'><strong>corporis</strong></span> <span class='ocrx_word' id='word_1_222' title='bbox 181 2751 254 2805; x_wconf 88' lang='lat' dir='ltr'><strong>vires</strong></span> <span class='ocrx_word' id='word_1_223' title='bbox 275 2752 360 2806; x_wconf 89' lang='lat' dir='ltr'><strong>animi</strong></span> <span class='ocrx_word' id='word_1_224' title='bbox 380 2751 540 2806; x_wconf 87' lang='lat' dir='ltr'><strong>seductione</strong></span> <span class='ocrx_word' id='word_1_225' title='bbox 552 2751 602 2819; x_wconf 88' lang='lat' dir='ltr'><strong>per</strong></span> <span class='ocrx_word' id='word_1_226' title='bbox 616 2743 795 2816; x_wconf 87' lang='lat' dir='ltr'><strong>cupiditatem</strong></span> 
     </span>
     <span class='ocr_line' id='line_1_33' title="bbox 0 2820 793 2899; baseline -0.013 -19"><span class='ocrx_word' id='word_1_227' title='bbox 0 2828 117 2880; x_wconf 86' lang='lat' dir='ltr'><strong>incere.</strong></span> <span class='ocrx_word' id='word_1_228' title='bbox 156 2825 205 2880; x_wconf 90' lang='lat' dir='ltr'><strong>His</strong></span> <span class='ocrx_word' id='word_1_229' title='bbox 215 2826 282 2881; x_wconf 87' lang='lat' dir='ltr'><strong>solis</strong></span> <span class='ocrx_word' id='word_1_230' title='bbox 293 2828 447 2899; x_wconf 88' lang='lat' dir='ltr'><strong>potentium</strong></span> <span class='ocrx_word' id='word_1_231' title='bbox 457 2840 545 2898; x_wconf 78' lang='lat' dir='ltr'><strong>genus</strong></span> <span class='ocrx_word' id='word_1_232' title='bbox 556 2820 637 2876; x_wconf 77' lang='lat' dir='ltr'><strong>facilc</strong></span> <span class='ocrx_word' id='word_1_233' title='bbox 647 2826 729 2890; x_wconf 90' lang='lat' dir='ltr'><strong>captu</strong></span> <span class='ocrx_word' id='word_1_234' title='bbox 739 2827 793 2884; x_wconf 80' lang='lat' dir='ltr'><strong>est3</strong></span> 
     </span>
    </p>
   </div>
   <div class='ocr_carea' id='block_1_5' title="bbox 0 56 1031 3100">
    <p class='ocr_par' dir='ltr' id='par_1_6' title="bbox 0 56 1031 3100">
     <span class='ocr_line' id='line_1_34' title="bbox 0 56 1031 3100; baseline 0 0"><span class='ocrx_word' id='word_1_235' title='bbox 0 56 1031 3100; x_wconf 95' lang='lat' dir='ltr'><strong> </strong></span> 
     </span>
    </p>
   </div>
  </div>
 </body>
</html>
