2050 3100
161 303 245 367 [11,
269 302 390 367 aaa]
513 307 597 350 IN
638 306 1002 352 GENEsm.
1046 307 1302 352 snnmo
1341 308 1431 354 1v.
1677 303 1775 356 213

161 416 271 462 tam
309 418 562 480 agentes,
649 404 865 461 Virtute
903 407 1081 461 ornati
1123 423 1250 461 vero
1286 424 1478 463 omnes
1517 407 1776 464 fruuntur

163 480 486 537 laetabundi
518 496 763 552 semper,
808 489 926 536 tum
956 481 1210 536 homines
1238 482 1326 536 vel
1359 483 1640 538 coniuncti
1671 483 1776 538 ali-

162 574 270 629 quo
294 555 466 611 modo
496 572 624 610 cum
653 556 870 610 mortali
901 572 1128 627 corpore
1158 557 1389 627 spiritus
1404 599 1416 622 ,
1458 567 1577 612 tum
1605 559 1774 614 soluti

162 631 518 703 separatique
538 630 846 685 secundum
868 630 1053 695 finem,
1083 640 1177 685 aut
1195 648 1472 703 nusquam
1493 634 1767 706 colligati3

161 724 260 762 nec
280 724 395 762 non
417 706 715 761 daemones
745 704 1010 778 (sacrati),
1053 722 1192 777 quos
1221 724 1375 762 sacro
1396 709 1574 765 Moses
1601 708 1772 764 verbo
1810 738 1815 745 ·

164 787 372 851 angelos
392 781 593 835 solitus
613 779 720 835 fuit
738 780 1023 835 nominare
1037 821 1050 844 ‚
1086 788 1141 835 et
1159 781 1379 836 stellae:
1425 800 1600 853 quum
1621 784 1772 839 enim

162 858 253 912 isti
282 856 353 929 (s,
388 855 550 928 istae)
581 872 802 926 quoque
840 855 1244 910 intellectuales
1282 866 1563 929 tamquam
1601 860 1773 913 mira-

163 933 305 987 biles
326 931 673 1002 divinaeque
694 939 920 985 naturae
940 939 1097 994 sunt,
1129 947 1240 985 non
1260 933 1492 987 mixtam
1512 934 1772 988 tristitiae

163 1016 445 1066 aeternam
464 1006 794 1077 acquisitam
813 1005 1021 1060 habent
1051 1004 1337 1061 laetitiam.
1415 1008 1613 1063 Itidem
1642 1009 1772 1062 uni-

162 1099 391 1137 versum
429 1081 648 1136 caelum
678 1088 732 1135 et
757 1080 1029 1144 mundus,
1078 1081 1342 1152 quoniam
1372 1083 1575 1137 animal
1607 1091 1690 1138 est
1717 1092 1774 1138 et

160 1157 429 1213 rationale
462 1166 517 1211 et
543 1157 794 1211 animans
821 1157 1025 1211 virtute
1044 1154 1331 1227 praeditus
1353 1163 1407 1210 et
1426 1164 1619 1211 natura
1638 1157 1772 1228 phi·-

161 1233 429 1305 losophus
444 1273 457 1296 ‚
487 1239 651 1302 atque
671 1230 903 1286 eandem
921 1230 993 1285 ob
1013 1247 1239 1285 causam
1257 1230 1481 1284 tristitia
1501 1239 1555 1286 et
1574 1232 1771 1285 timore

160 1326 351 1364 carens
391 1302 707 1379 plenusque
746 1304 960 1378 gaudii.
1038 1306 1213 1359 Immo
1253 1304 1486 1369 dicitur,
1528 1304 1678 1376 quod
1717 1315 1772 1360 et

159 1386 277 1455 ipse
317 1391 482 1455 pater
520 1389 573 1437 et
611 1389 819 1436 creator
856 1380 1245 1435 universorum
1273 1388 1540 1450 perpetuo
1570 1380 1629 1433 in
1655 1380 1771 1434 vita

160 1476 258 1513 sua
286 1457 534 1514 exsultat
563 1466 617 1511 et
646 1454 815 1520 ludit,
858 1455 1108 1529 gaudens
1139 1454 1472 1510 condecente
1511 1454 1770 1509 divinum

162 1535 346 1590 iocum
375 1530 746 1596 iucunditate,
790 1548 893 1587 nec
920 1547 1063 1603 opus
1093 1530 1308 1587 habens
1335 1529 1508 1586 ullius
1530 1546 1632 1585 nec
1653 1529 1769 1586 ullo

156 1859 417 1915 homines
437 1860 634 1914 semoti
662 1858 933 1913 malorum
946 1897 960 1922 ,
1003 1855 1105 1912 sed
1125 1858 1292 1911 etiam
1312 1857 1528 1912 animae
1548 1856 1770 1912 disiun—

157 1943 276 1990 ctae
297 1934 647 2004 corporibus,
672 1942 766 1988 aut
784 1933 906 1988 sine
927 1930 1071 1986 nodo
1091 1933 1335 2003 corporis
1355 1932 1581 1996 liberae,
1606 1948 1770 2004 prae-

157 2011 328 2082 cipue
359 2007 656 2064 daemones
670 2049 684 2073 ‚
727 2024 867 2080 quos
886 2006 1185 2078 religiosus
1204 2008 1383 2062 Moses
1400 2011 1610 2076 anyolos
1631 2007 1772 2063 solet

156 2085 471 2140 nominare.
548 2085 817 2155 Ipsaeque
845 2080 1067 2145 stellae,
1108 2081 1168 2135 in
1197 2081 1406 2153 quibus
1434 2082 1770 2156 intelligibi-

157 2160 240 2214 les
262 2166 321 2214 et
342 2157 571 2213 divinae
592 2167 923 2232 generantur
944 2164 996 2211 et
1015 2157 1303 2212 immixtae
1317 2199 1330 2221 ,
1360 2157 1451 2213 vel
1472 2158 1658 2228 potius
1679 2173 1771 2211 se-

156 2242 342 2289 motae
377 2233 733 2288 tristitiarum
770 2232 977 2288 formae
1016 2239 1264 2286 terrenae
1305 2232 1544 2287 laetitiae
1573 2249 1604 2286 a
1631 2248 1769 2303 pace

154 2308 425 2363 similiter
463 2317 519 2363 et
555 2325 718 2363 omne
757 2307 973 2362 coelum
1010 2314 1065 2361 et
1103 2306 1346 2361 mundus
1388 2305 1575 2378 (mary.
1616 2307 1769 2361 omni

156 2383 315 2438 coelo
336 2381 716 2454 metuendus),
758 2383 892 2453 quia
912 2381 1117 2436 animal
1140 2389 1223 2436 est
1243 2388 1297 2435 et
1316 2380 1643 2437 rationabile
1658 2422 1670 2445 ‚
1717 2389 1771 2434 et

156 2457 366 2512 animal
388 2459 611 2529 insigne
624 2498 639 2521 ‚
662 2466 717 2514 et
735 2455 1090 2529 philosophia
1111 2456 1359 2527 plenum,
1388 2454 1627 2525 ideoque
1647 2455 1770 2508 sine

154 2533 386 2588 tristitia
401 2573 414 2596 ‚
446 2532 568 2588 sine
586 2533 781 2587 timore
796 2573 809 2597 ,
834 2531 1063 2603 plenum
1083 2532 1268 2602 potius
1288 2530 1561 2609 libertate.
1620 2529 1772 2582 Dici-

156 2617 248 2663 tur
266 2623 497 2678 quoque
516 2607 682 2662 etiam
702 2615 860 2679 pater
886 2615 941 2661 et
968 2614 1185 2661 curator
1211 2602 1592 2660 universitatis
1622 2617 1773 2656 sem-

155 2698 260 2754 per
296 2681 473 2754 digno
511 2697 613 2736 suo
651 2683 779 2737 lusu
815 2681 1099 2737 delectari.
1177 2679 1486 2734 Delectatur
1522 2675 1672 2759 enim
1712 2676 1771 2728 in

155 2756 461 2827 splendore
485 2756 756 2811 virtutum
776 2764 830 2811 et
850 2765 1226 2810 creaturarum
1244 2763 1472 2805 suarum
1491 2749 1774 2801 universi—

158 2838 291 2886 tate.
389 2829 672 2885 Invisibili
712 2846 841 2904 ergo
881 2827 1188 2898 exemplari
1227 2840 1297 2880 ex
1332 2821 1772 2889 incorporalibus
