2050 3100
505 204 541 251 VI

114 308 180 375 ¹tres
194 328 352 391 praesentes
371 319 508 393 dialogos,
534 320 584 390 qui
603 318 704 390 integri
723 317 830 373 ibidem
848 336 929 392 com-

125 413 280 483 periuntur.
315 411 408 466 Codex
421 412 463 465 ee't
472 418 599 465 exaratus
610 426 680 464 anno
690 426 770 464 aerae
780 409 929 466 Armeniae
1017 450 1019 453 ψ

125 504 272 560 DCCXLV.
289 502 342 558 hoc
357 512 398 557 est
410 502 513 558 Christi
527 500 692 558 uccxcvl.
708 500 744 556 ad
758 518 840 556 usum
854 504 927 558 ilae-

125 596 205 651 thum
219 614 242 649 s.
264 595 395 669 Haytonis
409 594 442 648 11.
459 593 582 665 piissimi
601 593 675 665 regis
693 590 896 647 Armeniorum.
906 602 925 625 ‘⁶

126 687 169 743 Ad
179 690 256 743 Tom.
266 688 304 742 11:
331 685 479 751 „Armenii
490 683 619 748 Codices,
640 683 744 755 quibus
757 685 802 738 usi
816 701 924 750 sumus,

126 779 237 835 fuerunt
251 779 295 833 hi:
320 777 413 833 Codex
425 776 461 841 A,
481 778 542 831 sive
555 777 648 849 regius
664 774 749 851 [idem
765 758 820 839 est,
841 791 927 846 quem

128 888 211 943 supra
221 871 301 926 tertio
312 870 371 925 loco
384 866 501 943 posuit];
525 868 618 923 Codex
627 868 661 931 B,
677 868 928 939 Constantinopoli·

126 971 221 1027 tanus,
243 980 278 1017 ex
290 978 346 1033 quo
356 961 472 1033 paginae
482 959 633 1031 quaedam,
654 975 724 1030 quae
734 960 764 1014 in
774 960 864 1031 priore
874 960 927 1015 de-

126 1038 213 1117 erant,
224 1052 366 1124 suppletae
377 1060 453 1121 sunt;
467 1052 560 1108 Codex
569 1051 600 1116 C,
613 1050 686 1123 apud
696 1068 746 1106 nos
756 1059 922 1115 asservatus,

126 1146 228 1217 partim
236 1144 309 1199 x111.
324 1144 429 1199 saeculi
443 1144 561 1217 vestigia
574 1159 684 1215 praese
698 1141 804 1208 ferens,
823 1144 927 1215 partim

126 1237 180 1292 alia
193 1253 277 1291 manu
292 1236 473 1307 sequentibus
488 1235 607 1291 saeculis
621 1235 791 1305 exscriptus,
815 1235 844 1287 in
858 1248 924 1303 quo,

127 1330 179 1383 etsi
193 1330 298 1401 passim
314 1327 499 1382 omnimodam
512 1324 723 1397 perfectionem,
744 1340 827 1395 quam
837 1324 928 1379 codex

125 1416 286 1482 Aexhibet,
305 1417 463 1472 desiderare
472 1416 566 1481 liceat,
583 1415 721 1472 interdum
730 1424 822 1470 tamen
831 1405 926 1488 ipsum

126 1502 250 1581 superat;
271 1508 635 1573 CodexD—novissimus,
656 1508 786 1564 videlicet
799 1508 927 1580 proxime

127 1601 278 1673 superioris
302 1601 419 1664 saeculi,
453 1600 633 1672 Philonisque
661 1600 795 1655 duntaxat
822 1599 929 1655 librum

126 1701 254 1765 quartum
265 1695 294 1747 in
305 1693 425 1748 Genesin
439 1691 558 1760 habens,
580 1692 674 1747 Codex
686 1693 756 1747 E-
768 1692 861 1762 potius
876 1706 928 1761 ap-

124 1784 272 1857 pellandus
297 1784 429 1839 Glossarii
454 1783 644 1854 antiquissimi
665 1782 820 1854 exemplar,
850 1781 928 1836 unde

126 1876 194 1930 certi
208 1876 261 1930 loci
276 1875 391 1930 fidenter
405 1874 565 1930 conferendi
580 1882 645 1929 sunt
659 1874 739 1928 nobis
753 1874 788 1929 de
800 1872 926 1927 Philonis

125 1967 256 2039 operibus
276 1968 451 2022 universis.“
492 1966 611 2040 (Praeter
634 1982 760 2037 eaquae
783 1981 819 2019 ex
840 1964 926 2018 altera

124 2056 295 2128 praefatione
319 2058 365 2116 hio
386 2060 599 2137 exscripsimus,
626 2061 697 2116 nihil
716 2060 785 2114 haec
804 2060 928 2114 continet

126 2147 178 2202 hoc
193 2149 251 2203 loco
264 2161 415 2208 memoratu
427 2150 567 2224 dignum.)

181 2271 218 2325 De
232 2270 283 2325 hac
297 2284 361 2324 vero
376 2264 495 2321 Auchcri
510 2263 637 2318 versione
651 2262 747 2316 Latina
760 2261 791 2314 in
806 2266 929 2312 nostram

127 2362 252 2418 Philonis
267 2360 415 2415 editionem
430 2353 617 2411 transferenda
632 2353 738 2407 nullam
752 2351 835 2405 aliam
843 2348 927 2403 nobis

129 2456 218 2528 legem
229 2452 349 2508 scribere
359 2465 440 2521 posse
450 2445 624 2518 putavimus,
641 2431 779 2515 quam'ut,
794 2439 925 2496 omnibus

129 2555 157 2600 et
166 2533 299 2620 singulis,
311 2541 439 2614 inprimis
449 2537 625 2610 gravioribus
635 2531 834 2589 mutationibus
842 2531 929 2585 omis-

130 2639 183 2702 sis,
209 2653 317 2693 summa
330 2633 385 2688 fide
400 2639 426 2687 et
439 2645 525 2701 quam
544 2625 765 2682 emendatissime
785 2622 857 2677 nihil
871 2621 931 2676 nisi

130 2737 235 2784 textum
267 2725 471 2783 Aucherianum
506 2715 718 2789 exprimendum
757 2729 926 2776 curaremus,
