2050 3100
169 204 215 257 let
289 206 386 252 euin.
410 204 486 248 wo.
509 192 979 259 Quansr.enson.[11,aoa.]

165 310 298 382 gnitatem
312 304 443 361 videlicet
459 302 574 357 rationis
589 300 709 363 babens,
734 297 814 353 detur
832 298 918 364 mihi,
944 310 979 354 nt

165 384 240 447 dixi,
264 398 318 437 non
331 378 491 451 sepulcrum
508 383 540 445 ut
557 380 780 437 monumentum,
801 373 851 426 sed
869 391 976 430 monu-

165 458 250 513 menti
261 455 332 530 (sive
342 451 500 525 memoriae)
510 450 717 506 absolutissima
725 449 874 520 possessio.

202 596 267 655 Quid
282 607 317 647 eat
334 596 448 661 Ephron,
478 602 502 643 et
522 608 596 655 quare
613 594 638 641 in
657 588 853 652 modiofiliorum
876 587 939 639 Olet

436 660 551 711 amem
574 664 628 725 (ea,
640 660 693 719 ιο.)

221 761 265 813 79.
285 749 889 828 Eplroainterpretaturterra(s.pulvis),
907 750 975 808 etei

166 841 257 889 autem
268 841 399 904 stupor,
422 841 503 903 atque
519 829 701 901 aenigmatico
713 835 788 883 notat
804 843 854 898 per
866 834 974 881 terram

166 924 309 980 corporeas
323 915 448 971 naturas,
474 923 525 977 per
543 912 684 977 stuporem
701 919 767 958 vero
785 902 925 956 insaniam
944 911 974 958 et

163 984 369 1056 insipientiam
384 982 517 1055 quoniam
525 980 598 1035 inter
607 978 771 1050 insipientes
781 976 974 1032 insanientes·

165 1077 220 1132 que
239 1058 383 1132 proprium
400 1065 482 1128 atque
500 1056 622 1127 primum
639 1052 765 1110 ordinem
782 1051 973 1122 principalem

165 1134 249 1189 babet
264 1151 377 1206 corpus,
399 1132 505 1188 cultum
522 1130 678 1186 officiosum
694 1128 832 1199 recipiens
846 1125 970 1190 abillis,

165 1213 214 1281 qui
230 1210 301 1265 nihil
317 1210 383 1265 boni
401 1208 507 1282 proprii
524 1214 606 1279 atque
620 1204 712 1260 intimi
726 1210 862 1259 noverunt
875 1218 974 1274 neque

165 1285 277 1341 student
290 1302 447 1358 agnoscere.

321 1424 386 1483 Quid
402 1434 436 1475 cst
452 1425 565 1488 spelunca
582 1421 684 1486 duplex?
706 1422 760 1483 (23,
775 1419 813 1485 9.)

222 1530 265 1581 80.
295 1527 398 1582 Littera
412 1527 473 1598 ipsa
488 1526 595 1582 nullius
608 1532 672 1599 eget
685 1521 880 1598 expositionis,
903 1539 974 1578 nam

165 1602 277 1656 omnino
288 1600 343 1656 duo
353 1608 418 1656 sunt
426 1601 554 1671 sepulcra
562 1603 593 1656 in
603 1601 651 1656 illa
662 1600 794 1672 spelunca
804 1596 972 1664 submonte,

165 1693 253 1731 unum
263 1683 353 1741 extra,
366 1675 482 1730 alterum
492 1675 578 1745 intra;
604 1677 664 1731 sive
677 1675 748 1730 duae
759 1674 896 1746 porticus,
913 1691 973 1729 una

166 1751 312 1815 claudens,
335 1750 419 1806 altera
433 1751 537 1806 clausa.
576 1749 619 1806 Ad
633 1758 753 1806 mentem
768 1765 832 1805 vero
845 1749 888 1803 sio
899 1766 975 1821 pon-

166 1825 333 1881 derandum:
362 1827 519 1881 Humanum
538 1826 614 1881 istud
634 1842 734 1897 corpus
752 1824 975 1881 similitudinem

165 1900 286 1973 praefert
305 1900 426 1972 duplicis
445 1902 605 1974 speluncae.
645 1899 715 1967 Quia
728 1895 870 1956 'exteriora
892 1905 974 1974 cupit

167 1977 261 2041 avide,
284 1976 384 2032 ducem
399 1994 430 2032 ae
444 1978 601 2050 principem
615 1975 671 2031 sibi
685 1993 842 2050 proponens
853 1976 974 2031 insatia-

166 2053 252 2107 bilem
266 2051 486 2118 immunditiam,
508 2053 581 2108 circa
595 2069 661 2107 vero
673 2051 803 2107 interiora
813 2050 974 2106 secundum

166 2127 338 2182 intellectum
348 2127 532 2200 dispensatur,
546 2124 583 2203 [Ἴ
596 2127 763 2182 conductum
774 2143 789 2179 a
800 2126 973 2182 continentia

166 2203 325 2274 patientiae.
365 2203 510 2276 Siquidem
523 2203 659 2275 insipiens
669 2201 754 2257 tradit
764 2201 896 2257 interiora
905 2220 973 2274 pro-

166 2287 226 2350 pter
240 2280 388 2343 exteriora,
411 2281 558 2334 animatam
573 2285 678 2349 partem
688 2285 801 2349 proptor
810 2277 969 2339 sensibilia,

167 2362 193 2407 et
206 2353 282 2424 quod
297 2351 338 2410 es't
351 2353 503 2410 secundum
519 2353 680 2425 patientiam
695 2353 896 2417 continentiae,
921 2368 972 2423 pro

167 2427 244 2484 foeda
258 2429 445 2485 immunditia.
485 2429 588 2486 Verum
598 2429 710 2500 sapiens
721 2434 831 2498 septum
842 2444 972 2483 murum-

167 2521 220 2576 que
236 2513 363 2576 usurpat,
385 2512 412 2559 et
426 2506 552 2560 velamen
566 2504 682 2574 opponit
694 2501 821 2574 pertibus
839 2503 971 2557 animatis

167 2588 193 2633 et
211 2579 377 2635 habentibus
392 2581 484 2635 visum
500 2579 692 2649 apparentium
707 2585 789 2647 atque
803 2576 970 2632 cadentibus

167 2654 220 2707 sub
235 2655 308 2710 visu.
347 2653 482 2720 Quoniam
496 2651 563 2705 dum
579 2652 688 2706 exsistit
703 2650 778 2721 apud
788 2651 895 2706 malum
906 2669 971 2724 spe-

168 2725 249 2783 lunca
260 2730 376 2802 duplex,
390 2743 489 2798 corpus
499 2741 609 2796 quoque
620 2723 796 2780 immundum
808 2735 850 2781 est
860 2744 892 2781 ac
903 2728 971 2782 abo-
