2050 3100
164 150 179 201 t
405 153 522 199 rnrno
541 150 711 205 ronanus
846 138 894 211 [1],
904 151 964 212 na]

164 260 258 309 terius:
277 256 377 307 duabus
388 252 418 323 (s.
428 252 506 324 duce)
519 255 638 315 velabant
647 256 745 314 onitas,
766 260 790 305 st
804 252 909 305 dnobus
921 270 967 306 ve-

163 332 349 397 Intemperies,
363 337 387 381 et
396 332 497 381 ditatus
506 330 627 381 volabant
638 333 702 391 (Jes.
714 336 737 392 o,
747 332 825 390 tw).
857 324 969 380 Cheru-

163 403 222 461 bim
241 403 387 474 exponitur
404 412 479 470 typus
494 396 538 455 vel
552 405 711 463 incendium,
732 400 843 453 nomina
860 399 968 454 directe
1008 352 1010 450 i

163 470 314 533 virtutibus
328 485 403 548 apta3
437 475 541 530 formae
556 476 631 529 enim
645 482 672 527 et
680 475 743 547 typi
758 481 837 537 sunt,
859 474 968 545 quibus

164 560 267 607 creator
281 551 415 606 mnndum
431 550 581 622 figuravit·
594 550 708 621 signans
722 566 754 603 ac
763 548 896 621 sigillans
906 550 968 604 sin·

163 622 243 699 gulas
254 628 282 680 in
293 624 375 679 rebus
386 625 534 697 dispositas
544 624 704 695 qualitates:
734 623 798 678 ideo
808 625 906 695 itaque
917 642 968 695 ap-

162 702 258 773 pellati
277 709 341 754 sunt
361 706 424 768 typi.
467 701 617 755 Incendium
632 716 696 753 vcro
714 706 874 770 propterea,
899 701 967 770 quia

163 783 328 830 consumunt
337 774 518 847 privationem
529 772 684 836 aliordine‚
695 774 758 849 sive
765 772 965 829 informitatem
1008 745 1010 842 i

164 851 305 915 materiae,
326 850 356 903 in
370 849 494 904 ordinem
508 865 568 903 eam
581 848 743 902 reducentes
754 856 780 901 et
789 856 966 920 consequen·

163 935 204 980 ter
216 924 361 979 informem
376 925 405 979 in
421 924 548 988 formam„
570 930 597 977 et
610 924 765 978 inornatum
779 922 809 975 in
824 932 965 979 ornatum.

163 1000 297 1066 Quoniam
308 1015 362 1053 non
377 997 565 1069 corruptibilis
578 998 653 1070 ignis
669 1005 746 1053 erant
759 997 897 1064 virtutes,
918 999 968 1055 sed

163 1075 305 1137 salutaris,
334 1090 384 1145 per
402 1090 486 1145 quem
504 1073 597 1128 omnia
620 1073 767 1127 artificiose
790 1071 866 1128 iacta
890 1084 965 1129 sunt.

163 1150 265 1216 Quare,
287 1146 397 1203 ut'mihi
408 1148 531 1212 videtur,
552 1146 634 1202 etiam
644 1147 771 1202 nonnulli
779 1147 968 1222 philosopho-

164 1242 225 1279 rum
240 1226 331 1297 ignem
347 1222 518 1277 artificialem
532 1239 672 1277 asseruere
687 1223 718 1277 in
732 1223 808 1278 viam
819 1224 925 1281 cadere
936 1225 969 1281 ad

163 1301 269 1355 semina
279 1299 521 1371 ingenerationem
530 1296 719 1369 producenda.
755 1298 910 1369 Siquidem
920 1318 970 1357 ex·

162 1384 271 1429 tensum
282 1374 353 1429 illud
364 1374 434 1441 lucis
445 1374 583 1436 volumen,
595 1373 717 1444 corporis
727 1373 895 1429 conceditur
902 1394 971 1432 ocu-

163 1450 212 1513 lis,
225 1449 339 1503 evidens
350 1455 440 1504 autem
451 1448 480 1503 in
491 1447 684 1503 invisibilibus
694 1456 805 1511 natura,
820 1465 881 1519 qua
892 1469 972 1507 crea·

162 1531 207 1578 tur
221 1523 406 1597 formaturque
420 1524 547 1587 materia,
568 1524 668 1578 mentis
678 1523 855 1578 velocissime
867 1526 972 1583 viden·
1008 1571 1010 1594 ,

161 1598 238 1652 tibus
251 1600 353 1663 oculis,
373 1600 422 1671 qui
436 1599 549 1653 densam
564 1597 775 1653 crassitudinem
785 1612 972 1669 aperuerunt.

164 1673 396 1745 Circumspiciens
417 1682 507 1729 autem
527 1673 696 1727 artificialem
711 1673 792 1727 illum
810 1675 914 1745 ignem
930 1681 975 1734 vi-

163 1747 217 1811 dit,
234 1751 283 1818 qui
295 1747 499 1804 eflicitdivinas
510 1749 661 1821 imagines,
680 1765 735 1802 non
745 1748 904 1816 inanimes,
923 1754 975 1809 sed

164 1824 296 1877 animatas
307 1831 333 1876 et
343 1825 499 1880 rationales.

217 1927 244 1980 Ἰ.
268 1929 357 1984 Moses
376 1945 441 1983 vero
460 1929 550 2002 magis
565 1927 658 1983 lucide
675 1927 760 1983 dixit:
783 1923 977 2002 [quomam

162 2006 671 2073 detestatusipnisconsomansest(1)eut
684 2014 710 2067 4,
726 2008 785 2068 24),
796 2019 976 2065 consumens

163 2093 216 2130 non
226 2077 306 2133 modo
320 2075 527 2150 corrumpendi,
548 2078 597 2133 sed
610 2077 833 2143 salutificatione3
856 2083 977 2140 salvare

163 2153 246 2217 enim,
259 2171 312 2207 non
324 2162 414 2208 autem
425 2151 599 2224 corrumpere
608 2154 761 2224 proprietas
772 2152 883 2210 estdei.
907 2159 978 2216 Por-

162 2243 193 2280 ro
202 2227 364 2284 desideratis
376 2226 590 2282 fortasseaudire
596 2229 739 2292 rationem,
750 2244 815 2304 qua,
827 2244 978 2290 cumcon-

162 2315 270 2357 sumere
285 2311 408 2374 putatur,
433 2305 573 2376 integrum
591 2310 694 2372 servat;
717 2303 798 2357 facile
815 2310 921 2364 tamen
943 2329 977 2365 ex
1008 2348 1010 2356 ,

162 2378 297 2447 exemplis
308 2386 348 2432 est
358 2377 475 2432 discere.
513 2376 628 2442 Quando
641 2377 761 2432 dicimus
774 2383 977 2453 zoographum

162 2453 366 2520 consumpsisse
383 2451 453 2522 (sive
466 2451 646 2524 impendisse)
665 2453 798 2506 tincturas
817 2469 928 2513 omnes
949 2462 976 2514 in

161 2523 296 2590 picturam
306 2525 516 2594 perficiendam,
537 2524 584 2580 aut
597 2544 613 2579 a
627 2530 758 2581 statuario
767 2543 976 2602 consumptum

163 2593 247 2646 fuisse
261 2613 376 2651 aeneum
391 2600 566 2663 instatuam,
588 2607 635 2654 aut
649 2619 663 2654 a
679 2602 757 2656 fabro
772 2602 847 2674 ligna
859 2613 891 2659 et
904 2627 977 2665 saxa

162 2665 190 2714 in
208 2666 334 2730 domum.
360 2671 403 2724 vel
422 2675 575 2741 generatim
592 2673 627 2727 ab
645 2675 750 2731 artifice
768 2678 928 2739 materiam
949 2689 979 2740 in

1008 2750 1010 2773 Ι
