2050 3100
164 172 215 226 220
293 174 391 220 narn.
404 172 478 218 aun.
493 170 720 229 quassans
738 168 815 213 son.
850 160 893 228 [n‚
906 165 971 230 soa]

165 292 227 329 mus
243 282 273 329 ut
286 289 368 329 onere
382 272 498 336 insanit,
520 279 547 326 et
561 268 730 342 ἀφιλόσοφος
745 268 904 341 (insipiens)
919 286 971 324 ex-

163 349 246 403 sistit.
453 390 458 403 .
564 357 568 365 ‘

165 456 203 521 [⁸⁸]
226 452 306 512 Quare
322 451 457 503 Abimekelt
475 450 510 501 ad
525 450 600 501 Isaac
617 450 688 501 dicit.-
719 449 837 515 „Recede
856 467 872 499 a
890 451 967 512 nobis,

198 522 309 586 quoniam
322 520 444 585 potentior
460 519 528 568 nobb
539 520 626 584 foetos
643 535 667 567 ee
683 518 794 568 valde“t
811 519 866 585 (26,
879 518 933 579 lo.)

220 617 278 671 492.
298 614 380 668 Dirus
391 621 418 667 et
428 611 516 667 malae
526 612 652 667 invidiae
662 610 871 683 exprobrandas
882 612 967 666 simul

162 696 190 744 et
199 704 297 743 caecus
307 686 429 759 prolecto
439 697 480 743 est
490 705 593 760 pravus
604 686 696 742 bomo.
736 687 796 741 Noa
811 686 885 741 enim
899 688 967 741 satis

163 765 271 819 censuit
281 763 433 835 expellere,
446 762 480 817 ad
491 763 609 818 verbum
620 779 655 817 ex
664 762 747 827 urbe,
758 778 788 816 re
799 770 890 816 autem
901 779 968 817 vera

162 856 198 893 ex
212 840 304 894 anima
318 855 368 893 sua
382 837 522 893 eruditum
538 855 569 892 ae
583 837 821 911 sapientissimum
836 836 965 901 verbum,

162 932 259 969 verum
279 914 362 968 etiam
381 913 568 968 cum'ratione
586 912 707 967 declarat
720 929 751 966 se
765 910 872 966 invidia
888 910 968 967 labo

161 1006 235 1054 rare,
255 1006 374 1060 namque
390 988 472 1044 dicit:
495 992 625 1057 potentior
634 991 707 1042 nobis
715 993 801 1056 tactos
811 1004 851 1055 ee,·
877 1002 967 1057 quum

162 1082 282 1136 aequum
301 1073 374 1119 esset
392 1063 581 1119 infirmitatem
601 1079 680 1117 suam
699 1060 796 1116 sedare
818 1060 852 1133 (s.
872 1069 969 1116 ostea-

162 1139 251 1213 dere),
273 1149 384 1211 propter
402 1156 477 1203 eam,
503 1153 559 1210 qua
579 1136 721 1192 fruebatur
735 1135 768 1208 (s.
785 1144 815 1190 ut
828 1134 968 1207 decebat),

161 1232 321 1288 prosperam
332 1214 483 1277 fortunam,
501 1222 528 1268 et
538 1211 723 1284 congratulari
734 1210 768 1266 de
778 1211 807 1265 vi
819 1210 968 1266 abundan-

160 1291 197 1345 tis
211 1290 410 1361 possessionis,
432 1289 497 1362 quia
513 1287 607 1359 aliqua
621 1295 698 1341 erant
710 1286 786 1340 intus
798 1286 829 1341 in
839 1302 966 1357 corpore,

161 1365 298 1435 quaedam
317 1373 394 1419 extra
414 1381 527 1435 corpus:
563 1361 638 1432 quod
653 1362 678 1415 si
692 1363 797 1432 potiora
815 1361 879 1431 quis
899 1378 968 1416 con-

161 1438 283 1512 iieiat*),
307 1438 437 1494 omnibus
452 1454 539 1494 unum
554 1435 723 1491 frumentum
738 1452 798 1491 esse
812 1437 953 1491 eonvenit.

212 1579 234 1625 ⁰)
248 1578 282 1617 aa
295 1580 396 1619 verum
419 1580 510 1628 amptius
523 1583 591 1620 auem
601 1561 776 1628 pasionem.
803 1577 884 1617 Auen.

160 1763 285 1836 pondus,
307 1761 412 1833 quihus
425 1773 539 1836 parata
554 1782 633 1820 mens
648 1766 783 1836 premitur
793 1771 820 1818 et
829 1765 890 1818 sine
901 1763 970 1835 pbi-

162 1837 289 1918 losophis
299 1845 432 1892 remanet.

206 1943 287 2002 Quare
303 1944 440 1998 Attaelect
458 1947 520 1998 dizit
536 1947 572 1998 aul
586 1947 674 1998 Isaac:
692 1947 795 2012 „Perpe
813 1964 829 1996 a
845 1946 922 2008 nobes,

324 2014 382 2078 quio
395 2015 533 2080 passibilior
550 2016 618 2065 nobb
628 2016 715 2080 sactus
737 2018 802 2065 es“?

221 2101 278 2156 ⁴92.
307 2099 462 2156 Pessimum
481 2100 606 2155 invidiae
625 2101 703 2155 virus
723 2107 750 2156 et
768 2099 966 2172 vituperabile,

160 2174 199 2227 ita
208 2190 325 2245 pravus,
341 2184 435 2247 utpote
445 2192 557 2240 caecus,
573 2175 736 2248 disiungere
746 2182 859 2230 tonatur
872 2175 969 2229 virum

160 2249 325 2319 prudentem
345 2252 431 2307 verbo
444 2250 560 2321 quidem
575 2266 591 2305 a
605 2250 733 2315 civitate,
754 2251 815 2322 ipsa
828 2257 921 2304 autem
937 2265 968 2303 re

162 2323 197 2379 de
216 2326 307 2380 anima
325 2343 375 2380 sue
394 2342 458 2380 oum
477 2324 603 2379 clausule
626 2325 724 2382 livoris
743 2325 879 2399 ingestae.
920 2325 969 2378 Ait

161 2399 249 2454 enim:
275 2403 519 2468 possibiliortoetus
529 2403 651 2463 anobis,
667 2409 762 2471 utpote
776 2399 969 2454 infirmitatem

160 2473 281 2545 optando
290 2474 336 2529 his
344 2474 394 2544 qui
404 2471 578 2542 diriguntur,
600 2490 664 2528 cum
679 2476 769 2546 possit
779 2473 967 2545 congratulari

161 2549 337 2610 melioribus,
359 2554 386 2600 et
395 2547 425 2600 in
437 2544 563 2624 utrisque
573 2547 719 2617 proficere,
741 2547 969 2618 maximephilo-

160 2622 276 2744 pophiae
289 2620 392 2682 titulis,
413 2634 532 2688 quorum
545 2637 641 2677 omnes
655 2625 801 2678 unanimes
811 2638 872 2678 esse
881 2637 969 2694 opor-

173 2702 258 2747 uerat.
