2050 3100
173 153 220 205 l92
295 155 391 200 PHIL.
411 155 484 199 IUD.
504 153 665 210 QUAEST.
685 152 735 196 ΕΤ
755 152 832 197 SOL.
853 146 970 214 [11,3rl.]

170 255 310 329 praeditus
325 272 379 309 non
394 255 429 308 ob
445 253 521 308 aliud
537 252 682 324 quidpiam
700 260 819 320 amatur;
850 253 924 307 sieut
942 263 972 309 et

170 328 296 385 nonnulli
314 330 454 387 iuniorum
474 328 743 397 novissimorumque
763 327 797 380 ab
817 327 878 398 ipso
893 329 971 384 Mose

169 414 308 474 tamquam
320 420 334 457 a
346 401 418 456 lonte
428 410 600 473 acceptantes
611 403 774 456 sententiam
783 401 895 456 virtutis
909 412 971 457 stu-

170 479 275 534 diosam
300 494 454 542 asseruere,
485 477 575 531 solum
600 493 661 531 esse
683 476 788 531 bonum
806 484 919 546 propter
938 496 971 532 se

170 552 317 610 amandum
328 551 563 623 placendumque,
575 550 650 623 quod
660 567 726 606 vero
736 567 790 605 non
800 551 855 605 tale
864 560 920 616 est,
931 554 971 606 ob

169 628 325 683 utilitatem.
362 626 455 697 Inquit
469 627 555 698 igitur
565 642 629 680 cum
639 624 837 680 additamento:
858 633 969 690 omnm,

170 721 198 757 eo
212 706 280 770 quod
294 703 395 756 conatae
408 708 463 756 eiua
478 704 550 756 cibus
563 709 621 755 erut
633 707 687 755 eut.
730 699 859 755 Naturale
875 703 971 755 omni-

169 792 216 830 no:
252 792 306 830 non
321 776 395 830 enim
409 775 444 830 de
461 782 563 831 venatu
581 774 650 829 dicit
664 774 758 830 cibum
772 789 846 838 esse,
867 774 971 831 sedda

170 868 243 905 more
254 851 315 921 ipso
327 858 455 906 venatum
465 857 605 921 tamquam
614 848 698 904 ferae.
737 851 861 919 Namque
874 849 970 907 iteres

169 943 198 980 se
212 924 308 988 hahet,
329 941 415 996 quum
430 923 507 980 nullo
522 925 576 979 alio
588 924 678 996 magis
687 923 776 978 alatur
785 931 972 996 vesceturque

169 997 328 1071 philosophi
343 1001 466 1064 animus,
487 1015 572 1071 quam
586 1015 673 1070 quum
687 999 775 1070 possit
788 999 884 1054 venam
899 1000 969 1054 vitia

170 1083 196 1129 et
206 1075 295 1128 omnis
306 1075 449 1144 pravitatis
460 1081 632 1146 oppugnator
643 1090 713 1133 esse.

187 1229 224 1296 Ρ]
243 1227 307 1287 Quid
318 1239 352 1279 eat
369 1230 429 1293 „Et
442 1231 542 1299 paravit
557 1229 633 1284 lacot
646 1231 801 1297 nemu
820 1233 874 1292 (25,
895 1232 952 1295 eo.)

227 1351 283 1402 168.
310 1348 404 1402 Risum
420 1347 641 1419 derisionemque
654 1349 711 1402 scio
721 1347 795 1418 quod
806 1347 970 1403 huiusmodi

170 1440 213 1477 res
224 1422 355 1494 praebent
366 1420 478 1476 incultis
490 1430 572 1494 atque
581 1423 683 1493 ineptis
698 1421 733 1476 de
747 1439 835 1486 more,
857 1439 910 1477 nec
924 1423 970 1477 ul-

170 1665 264 1737 (moro.
281 1663 364 1737 enim)
380 1680 415 1717 ex
429 1671 545 1734 utraque
559 1672 636 1735 parte
650 1665 791 1738 diligitur,
815 1664 883 1722 adeo
900 1682 971 1720 non·

171 1740 241 1793 nulli
251 1740 390 1793 imitantes
400 1738 508 1802 Mosen,
523 1755 574 1809 pro
583 1738 665 1793 laude
674 1740 785 1797 uirtutis
795 1739 971 1794 aemulantur

172 1813 253 1868 verbo
268 1810 456 1868 tantummodo
470 1813 586 1886 gloriam
599 1830 710 1885 capere,
731 1813 797 1868 inde
805 1813 970 1869 huiusmodi

172 1889 224 1942 viri
234 1904 284 1959 per
294 1889 465 1955 occasionem
476 1888 641 1961 diliguntur.
675 1881 721 1957 Ait
731 1890 805 1943 enim
815 1888 967 1959 scriptura:

172 1964 270 2017 Dilooeit
283 1980 353 2031 eum,
375 1967 443 2031 quod
456 1969 559 2018 venatio
571 1966 645 2017 illitu
658 1980 717 2017 esca
729 1968 779 2031 tuit
791 1968 815 2017 ci
826 1968 970 2030 naturalis,

170 2053 307 2107 suumque
322 2036 443 2091 edietum
458 2046 512 2093 est:
538 2053 592 2091 non
607 2038 681 2104 enim
694 2054 765 2109 quae
776 2038 924 2109 capiuntur
937 2038 971 2093 ab

170 2128 215 2174 eo,
229 2128 290 2165 esca
301 2113 361 2166 eius
372 2119 426 2177 est,
439 2112 488 2167 sed
498 2112 577 2167 illius
587 2112 678 2183 ipsius
688 2112 754 2182 mali
764 2113 889 2176 venetio,
902 2112 972 2167 dum

170 2186 301 2256 superbia
320 2188 437 2258 capitur.
476 2187 601 2241 Pascitur
620 2186 694 2241 enlm
711 2187 845 2258 sapientis
859 2188 972 2241 enimus

170 2260 271 2315 melius
284 2277 348 2315 cum
355 2261 456 2332 poterit
466 2278 566 2318 venare
576 2259 724 2329 malitiam,
741 2269 768 2316 et
777 2261 913 2316 contraria
922 2280 973 2317 su-

171 2350 276 2405 perere.

258 2474 324 2533 Quid
339 2484 374 2523 est
390 2473 489 2523 dictum.-
519 2472 617 2538 „Ooait
632 2474 709 2525 Iacob
727 2477 886 2525 cocturan2“?

229 2596 286 2647 468.
312 2592 429 2645 Risusne
443 2589 586 2646 videbitur
599 2590 724 2646 dietum?
752 2592 816 2647 Soio
830 2594 860 2648 in
869 2592 973 2648 huius-

171 2665 246 2720 modi
261 2665 334 2719 dicto
345 2664 543 2734 insipientibus
552 2674 580 2721 et
589 2664 745 2732 fluxidolis,
761 2668 812 2739 qui
822 2668 900 2722 nullo
910 2685 973 2725 mo·
