2050 3100
50 222 83 287 [1,
98 218 144 286 12]
188 226 237 270 DE
258 225 532 273 PROVIDENTIA
549 227 720 274 aERmot.
819 226 849 277 2l

50 335 127 382 ctum
143 324 250 380 luisse:¹
274 327 311 381 ita
326 335 357 380 ut
370 325 453 383 fuerit
469 325 538 380 deus
559 343 669 398 semper
687 328 853 402 intelligibi-

49 403 120 456 lium
136 401 235 465 iactor,
258 402 362 472 quique
372 400 554 462 sensibilibus
565 403 734 475 principium
746 403 852 460 dederit

49 486 81 531 ut
101 479 203 530 essent.
243 476 362 532 Mundus
381 483 423 530 est
437 485 528 531 autem
544 477 698 532 secundum
711 479 852 534 Platonem

49 553 193 607 harmonia
213 550 348 621 quaedam
365 551 434 605 caeli
449 560 476 606 et
489 560 576 606 terrae
590 561 617 608 et
632 570 725 609 earum
740 563 852 610 natura-

49 644 127 691 rum,
142 626 253 697 quaein
264 643 294 680 ea
304 634 382 690 sunt,
398 635 525 681 constans
536 629 658 700 exigne,
677 638 763 694 terra,
780 647 850 701 aqna

50 711 78 756 et
92 705 167 765 aere,
188 718 239 755 nec
254 718 308 756 non
323 719 358 755 ex
372 701 440 764 diis,
463 701 657 767 daemonibus,
679 703 849 768 bominibus,

50 775 232 839 animalibus,
252 776 355 847 plantis
370 779 589 847 atquemateria.
693 776 696 779 ’
863 778 869 787 “

107 914 150 967 22.
170 911 241 965 llaec
251 910 327 965 Plato
338 927 352 964 a
364 909 415 964 deo
426 909 496 965 lacta
512 908 598 965 fuisse
613 913 703 976 novit,
725 922 751 967 et
764 921 851 967 mate-

49 988 121 1041 riam
132 1003 219 1056 perse
229 994 326 1040 ornatu
341 994 492 1049 carentem,
513 986 543 1040 in
558 986 662 1040 mundo
677 1003 739 1041 cnm
754 997 850 1043 ornatu

47 1063 113 1132 ipso
122 1061 270 1131 prodiisse3
303 1060 354 1115 hae
365 1061 439 1115 enim
450 1069 526 1115 erant
536 1062 641 1131 primae
652 1078 764 1125 causae,
776 1061 851 1117 unde

46 1145 77 1190 et
101 1135 219 1190 mundus
242 1134 305 1191 tuit.
352 1133 488 1200 Quoniam
508 1143 535 1189 et
549 1134 716 1189 ludaeorum
737 1136 851 1208 legisla-

47 1205 93 1265 tor
107 1211 194 1265 Moses
207 1227 320 1281 aquam,
341 1209 469 1265 tenebras
482 1218 510 1264 et
518 1209 603 1265 cbaos
615 1210 687 1265 dixit
698 1218 759 1265 ante
768 1220 852 1265 mun*

46 1287 118 1340 dnm
131 1284 328 1351 inisse,1Plato
341 1286 590 1340 antemmateriam
611 1283 732 1358 (cansam
752 1286 851 1341 mundi

46 1361 88 1416 ait
98 1360 261 1433 exstitisse),
274 1360 373 1415 Thales
383 1359 509 1416 Milesius
519 1377 633 1431 aquam,
645 1358 850 1416 Anaximander

45 1435 136 1508 (item)
146 1435 624 1498 Milesiusinlinitum,Anaximenes
634 1437 851 1499 adremalnaxa·

46 1526 132 1586 goras
150 1510 340 1567 Clazomenius
361 1504 591 1567 homoeomeriam
606 1509 707 1584 (partes
720 1510 848 1585 similes),

47 1586 220 1662 Pythagoras
228 1585 277 1659 (et)
284 1588 361 1643 blnes
368 1587 446 1659 regis
456 1586 531 1641 filius
545 1602 688 1651 numeres,
710 1602 850 1646 commen-

44 1663 245 1718 surationeaet
258 1661 443 1725 harmoniam,
465 1661 624 1718 Heraclides
639 1671 665 1717 et
679 1663 817 1734 Hippasus
823 1662 849 1736 l)

43 1738 231 1809 Metapontino
240 1736 733 1825 ignem,EmpedoclesAgrigentinus
744 1739 847 1810 ignem,
882 1772 885 1779 »

44 1816 163 1885 aquam,
180 1814 284 1877 ae'rem,
299 1822 413 1878 terram,
428 1821 455 1868 et
465 1812 520 1869 duo
529 1814 681 1885 principia,
694 1823 849 1868 amoremet

42 1890 159 1952 odium,
182 1887 343 1943 Aristoteles
359 1888 520 1943 Nicomachi
539 1888 614 1944 [ilius
634 1888 762 1952 formam,
790 1906 855 1943 mam

43 1964 161 2027 teriam,
182 1963 378 2034 privationem,
400 1964 535 2018 elementa
550 1971 666 2035 quatuor
677 1961 713 2038 [Ἴ
727 1971 753 2017 et
765 1964 849 2035 quin-

43 2050 108 2095 tum
128 2038 279 2101 aetherem,
308 2037 490 2109 Empedocles
510 2038 646 2092 mundum
667 2054 768 2101 unum,
797 2054 848 2091 nec

42 2124 140 2169 tamen
150 2114 312 2167 universum
323 2114 418 2176 illum,
429 2113 479 2168 sed
489 2113 624 2167 minorem
634 2113 715 2167 istius
724 2113 848 2167 universi

43 2197 169 2263 partem,
190 2188 330 2259 reliquum
344 2205 409 2243 vero
425 2205 543 2243 vacuum
558 2205 618 2242 esse
631 2189 744 2242 materia
754 2185 787 2257 (ε.
800 2203 849 2241 va-

43 2280 129 2320 cuam
154 2279 215 2319 esse
239 2263 424 2335 materiam),'
445 2265 515 2317 Zeno
537 2261 728 2320 Menae'filius
748 2262 846 2318 aerem.

43 2341 146 2403 deum,
158 2338 302 2393 materiam
311 2347 338 2394 et
348 2338 481 2410 elementa
491 2344 618 2409 quatuor.
648 2336 790 2391 Caeterum
801 2351 848 2387 sn-

42 2414 142 2487 perius
157 2413 281 2468 dicebat:
315 2413 427 2477 „Cuius
442 2430 506 2485 pars
520 2412 573 2466 sub
585 2411 757 2481 corruptione
767 2408 846 2471 iacet,
881 2455 887 2470 ,

42 2499 162 2546 necesse
181 2488 211 2543 id
231 2497 272 2542 est
287 2496 374 2543 totum
389 2504 499 2560 quoque
513 2486 665 2541 obnoxium
680 2500 740 2538 esse
755 2499 849 2537 curru·

41 2564 146 2636 ptioni.
186 2565 243 2618 Nec
256 2563 331 2617 enim
347 2564 408 2617 sine
422 2571 477 2618 toto
486 2570 578 2634 partes
588 2566 711 2614 constare
721 2565 847 2630 possunt,

42 2656 137 2711 neque
148 2646 235 2693 totum
246 2639 307 2693 sine
317 2638 456 2709 partibus;
489 2654 552 2692 nam
567 2633 688 2691 mundus
701 2634 848 2688 universus

98 2782 121 2831 Ι)
135 2779 192 2820 vioe
205 2778 270 2830 Dlog.
283 2780 355 2832 beart.
368 2779 417 2819 Lib.
430 2779 489 2819 vm.
516 2778 596 2817 Auen.
