2050 3100
148 113 163 162 8
270 118 370 163 PHIL.
388 118 464 162 IUD.
485 117 646 174 QUAEST.
666 118 716 161 ΕΤ
739 118 818 164 SOL.
833 113 875 179 [11,
887 116 946 182 lib]

148 218 183 271 de
202 217 282 271 bonis
301 216 498 286 nobilibusque
517 216 631 271 theoriis
646 234 676 270 ac
691 219 848 284 sententiis,
874 220 947 275 illud

147 301 238 420 totum1
254 308 308 346 non
327 291 383 345 sibi
397 290 567 355 adscribere.
589 290 638 346 sed
653 293 803 402 gratiarum
817 311 947 350 munera-

121 367 199 420 tori
240 383 281 420 eo.

190 505 255 563 Quid
270 516 305 555 est
322 505 437 569 „Divisit
454 523 484 556 ea
497 521 544 571 per⁴
565 507 663 556 medium
684 516 706 556 et
722 507 803 571 posuit
823 518 906 558 contra

411 591 436 622 sc
457 574 593 623 invicem“l
620 574 678 636 (ib.)

203 696 229 746 5.
253 693 303 746 Est
317 700 343 746 et
357 691 479 762 corporis
489 691 523 763 (s.
535 689 635 763 earnis)
644 699 779 745 structura
790 692 943 748 secundum

146 775 229 820 totam
239 784 318 820 suam
327 766 461 820 iacturam
473 765 644 820 huiusmodi.
674 767 780 820 Fratres
794 768 868 821 enirn
879 777 943 823 sunt

145 850 252 912 partos,
274 849 305 894 ut
319 841 425 895 divisae
440 857 505 895 vero
521 849 613 894 contra
627 856 657 893 se
668 841 788 895 invicem
802 841 871 906 sint,
892 842 941 896 sed

145 915 283 986 proclives
301 933 331 969 ao
346 923 485 970 mutuose
502 921 655 986 spectantes
670 924 781 986 propter
790 917 942 972 naturalem

146 991 376 1076 cooperationem,
401 989 512 1044 vivifico
530 987 556 1062 l*
556 987 565 1062 ]
583 988 721 1043 conditore
739 1005 805 1060 prae
824 991 941 1044 utilitate

144 1064 217 1119 illud
234 1065 276 1118 sio
290 1064 446 1129 dividente,
469 1072 500 1118 ut
517 1071 669 1134 opponatur
684 1063 767 1118 altera
782 1063 863 1138 (pars)
877 1082 941 1119 cum

145 1139 243 1204 altera,
261 1148 342 1211 atque
352 1143 453 1196 iterum
463 1138 548 1194 simul
565 1138 599 1193 ad
614 1139 800 1193 necessarium
814 1139 941 1194 ministe-

145 1215 218 1268 rium
239 1223 334 1269 mutuo
353 1217 474 1270 serviant
488 1213 567 1267 sibi
559 1213 689 1268 invicem
729 1213 763 1268 Ut
780 1212 882 1268 directe
897 1216 941 1268 vi-

144 1306 207 1343 sum
217 1307 266 1361 per
279 1289 401 1344 medium
416 1289 526 1344 narium
541 1286 726 1359 disiungens
718 1305 747 1341 rn
762 1287 856 1342 ambos
874 1305 940 1343 ocu-

145 1364 199 1426 los,
220 1371 368 1432 utrumque
383 1363 417 1417 ad
432 1371 580 1432 utrumque
594 1362 737 1416 vertendo:
767 1379 830 1415 nam
844 1363 939 1434 pupil-

145 1436 201 1499 lae,
213 1443 244 1489 ut
254 1437 291 1489 ita
302 1436 430 1499 dixerim,
441 1437 578 1507 proclives
589 1436 617 1490 in
628 1453 712 1490 unam
721 1444 827 1506 partem
837 1454 867 1490 se
877 1454 940 1491 mu·

145 1519 191 1565 tuo
201 1518 338 1581 spectant,
350 1512 400 1566 vix
410 1511 481 1566 ultra
491 1510 613 1565 loculum
623 1511 761 1566 ocularem
772 1511 938 1577 aberrantes,

144 1584 194 1639 sed
205 1586 326 1639 invicem
339 1594 419 1641 tenus
434 1588 585 1649 intuentes,
607 1588 728 1641 maxime
741 1604 828 1657 quum
844 1604 940 1642 occur-

103 1705 107 1712 ,
144 1670 186 1714 rat
200 1659 307 1733 aliquid
322 1661 407 1715 visui.
446 1661 545 1715 Itidem
560 1660 670 1715 auditus
684 1660 820 1716 dividitur
830 1662 859 1715 in
870 1662 940 1716 duas

145 1752 238 1800 aures,
262 1752 333 1806 quae
352 1736 432 1789 ambo
450 1752 596 1790 conversae
615 1736 649 1789 ad
662 1736 783 1790 invicem
801 1744 878 1800 sunt,
904 1736 939 1791 ad

144 1826 227 1863 unam
238 1810 407 1881 eandemque
420 1810 562 1864 tendentes
573 1810 767 1881 operationem.
804 1810 939 1865 Odoratus

144 1892 235 1939 autem
246 1886 275 1938 in
285 1885 365 1939 binas
375 1902 454 1940 nares
464 1885 573 1940 divisus
587 1892 640 1949 est,
663 1885 740 1939 iuxta
754 1886 878 1957 singulas
889 1902 940 1939 na-

142 1960 215 2013 rium
225 1958 336 2013 tubulas
347 1977 508 2014 conversus:
531 1976 602 2030 quae
613 1976 667 2013 non
677 1960 749 2013 circa
760 1976 844 2031 genas
858 1960 939 2014 volu-

143 2041 214 2087 tatae
225 2042 289 2088 sunt
299 2042 346 2087 aut
355 2035 516 2098 inclinatae,
529 2042 559 2087 ut
570 2034 723 2105 discerptae
733 2042 887 2105 spectarent
897 2035 939 2088 al-

142 2116 200 2161 tera
210 2108 334 2162 dextram
348 2126 457 2173 versus,
475 2110 558 2163 altera
568 2109 597 2162 in
608 2109 761 2171 sinistram,
778 2108 827 2163 sed
837 2110 938 2163 intror-

142 2199 204 2235 sum
219 2182 348 2237 collectae
368 2191 527 2256 exspectant
545 2182 641 2237 odores
660 2183 799 2237 communi
820 2184 936 2237 actione.

142 2256 189 2310 Sic
199 2274 309 2327 quoque
319 2275 416 2313 manus
426 2276 481 2314 non
491 2258 625 2313 contrario
636 2265 748 2328 aspectu
759 2256 845 2311 factae
860 2266 933 2321 sunt,

142 2329 191 2384 sed
206 2340 237 2386 ut
251 2331 347 2387 iratres
357 2341 383 2387 et
392 2341 483 2405 partes
493 2332 652 2387 divisibiles
665 2348 762 2387 versus
773 2349 802 2386 se
816 2332 937 2386 invicem

141 2414 308 2476 spectantes,
338 2425 373 2462 ex
387 2416 483 2462 natura
497 2415 672 2479 praeparatae
695 2406 729 2461 ad
751 2407 937 2478 operationem

141 2482 337 2553 negotiumque
346 2482 402 2535 sibi
412 2488 582 2553 competens,
605 2482 634 2534 in
649 2481 756 2534 actibus
770 2480 935 2551 accipiendi,

141 2554 226 2608 dandi
245 2564 271 2609 et
290 2555 432 2627 operandi.
471 2558 531 2609 Non
546 2555 625 2609 aliter
639 2572 668 2609 se
683 2554 785 2608 habent
799 2562 825 2607 et
838 2554 934 2624 pedes,

141 2644 258 2697 quorum
277 2639 392 2704 uterque
414 2631 452 2684 ita
469 2646 499 2683 se
518 2637 650 2700 praestat,
674 2638 705 2683 ut
719 2627 849 2683 concedat
869 2629 937 2684 alter
