2050 3100
196 145 228 198 et
419 109 605 193 PriILortls
626 145 765 193 innam
907 143 939 210 n,
953 145 997 210 in]

249 253 292 308 29.
318 250 349 306 ln
370 249 490 304 viventis
508 255 605 304 nature
623 241 745 328 piolecto
765 244 847 302 datur
866 247 998 322 cogitatio

195 322 332 398 prudens,
353 326 445 379 omnia
463 341 598 378 exornans
618 323 924 394 sapientesque-motus
938 325 997 380 efli-

195 402 282 456 ciens.
321 399 410 466 Quare
429 400 479 463 iis,
499 399 550 470 qui
569 413 680 468 corpora
695 397 885 471 intuentur*),
907 401 999 456 mani-

195 475 264 531 feste
298 475 396 538 atetin
410 475 460 537 iis,
480 490 552 545 quae
567 471 736 527 sensibiliter
753 482 919 544 operantur,
941 494 999 531 mo-

196 560 255 606 tum
270 492 330 605 (llari
345 549 460 621 spiritus
473 547 676 619 praemonentis
686 555 713 602 et
722 548 915 618 praevidentis
925 549 999 606 invi-

196 625 279 680 sibile
298 624 446 679 consilium
464 624 586 686 animae,
611 629 642 678 ut
659 637 729 692 opus
749 623 998 680 instrumentorum

195 701 272 774 operi
281 698 338 777 ipsi
348 699 560 754 inservientium
569 695 718 768 perfectius
728 696 859 752 reddatur
865 698 924 771 **).
941 703 998 756 Non

196 777 250 831 alio
261 773 341 830 modo
348 772 470 846 proiecto
480 771 635 845 accipiendi
645 780 710 826 sunt
720 780 747 826 et
756 781 847 828 motus
857 774 903 828 illi
914 776 947 830 in
957 794 998 831 or-

194 851 259 904 bem
268 858 402 904 terrarum
411 847 505 902 diffusi
515 865 531 902 a
540 846 723 924 providentie,
735 847 773 902 ita
780 848 862 903 utvel
869 853 998 906 nescien-

194 934 236 980 tes
247 924 438 996 providentiae
451 923 620 978 voluntatem
630 921 775 977 videamus
785 923 840 976 iam
852 925 998 981 evidenter

195 1017 256 1056 eam
264 1007 403 1073 peractam
413 997 545 1069 fuisseil.
558 997 683 1052 ‚Etenim
693 997 753 1052 lieri
763 999 877 1070 nequit,
889 1009 923 1056 ut
933 1002 997 1056 haec

194 1076 287 1132 omnia
301 1083 432 1148 putentur
445 1091 461 1128 a
475 1073 553 1128 nullo
566 1080 612 1127 aut
622 1072 714 1127 animo
723 1081 770 1128 aut
778 1073 925 1132 voluntate
935 1095 996 1150 pro

195 1151 350 1213 fectaesse‚
370 1165 458 1221 quum
468 1156 494 1203 et
503 1149 581 1218 ipsae
589 1155 681 1218 partes
691 1148 912 1215 minutissimae,
935 1169 996 1208 con-

195 1225 296 1282 silio'et
306 1225 439 1281 instinctu
448 1223 639 1296 providentiae
650 1232 750 1302 cuncta
759 1233 963 1296 exsequantur.

249 1338 293 1392 ³0.
313 1331 392 1402 Quod
406 1334 431 1388 si
444 1340 536 1404 partes
550 1329 648 1386 mundi
662 1339 690 1400 et
705 1332 825 1403 partium
841 1337 996 1406 particulae

195 1425 259 1466 cum
272 1409 467 1473 iudici0‚,n0n
483 1423 548 1462 vero
563 1406 717 1462 inconsulte
732 1415 779 1462 aut
797 1415 907 1464 temere
922 1412 996 1467 iudi·

195 1484 270 1540 cium
280 1484 372 1544 lerunt
381 1483 411 1538 i‘n
421 1482 564 1557 indignos,
580 1481 716 1553 quomodo
727 1499 781 1537 non
791 1484 906 1540 omnino
916 1503 996 1559 opor·

194 1569 249 1615 teat
259 1562 364 1617 certum
373 1560 520 1623 consilium
531 1556 680 1629 providum
689 1559 879 1632 optimamque
884 1564 997 1634 sapien-

195 1636 261 1689 tiam
276 1634 388 1691 divinae
403 1635 458 1707 ipsi
473 1633 663 1705 providentiae
676 1642 739 1689 ante
752 1634 995 1700 omniatribuere,

194 1709 230 1765 ob
239 1710 425 1781 principatum
435 1710 526 1773 illum,
540 1725 596 1781 quo
605 1724 713 1764 omnem
724 1708 831 1781 publici
842 1710 948 1768 iudicii
961 1711 996 1788 [Ἴ

194 1786 373 1839 constentiam
390 1785 576 1855 virtutemque
595 1784 732 1841 continet‘l
755 1786 854 1855 Nescio
869 1790 997 1845 veritatis

194 1858 331 1915 desiderio
341 1857 478 1914 iudicium
489 1858 584 1915 ardere
589 1858 649 1933 st).

249 1970 292 2022 at.
312 1968 394 2023 Porro
412 1970 600 2024 certissimum
619 1978 810 2043 argumentum
825 1970 997 2047 intelligibi-

194 2043 262 2097 lium
273 2042 356 2115 (sunt)
364 2042 521 2098 sensibilia.
551 2045 696 2101 Nenenim
706 2045 770 2099 licet
780 2062 917 2111 asserere,
932 2066 997 2120 par-

193 2127 234 2173 tes
248 2118 372 2173 universi
386 2120 526 2190 sapientes
540 2136 601 2177 esse
616 2137 648 2175 ao
660 2119 802 2193 providas,
824 2128 937 2191 patrem
948 2140 995 2178 au·

244 2259 265 2307 ¹)
291 2271 309 2299 ι.
325 2271 352 2300 ex
363 2261 415 2309 pan
429 2261 550 2309 moneas
565 2260 603 2300 aul
618 2260 664 2299 ctu
676 2260 801 2300 cadentibus.
827 2260 910 2301 Auen.

192 2329 366 2417 Μ··)Α;.οἶα
380 2338 431 2377 oper
444 2330 559 2378 perfectius
572 2329 674 2377 cumdum
687 2328 714 2367 alt
727 2328 868 2368 intrumentis
883 2330 993 2371 aninum

241 2434 327 2482 nna
347 2437 448 2475 vernum:
473 2408 533 2476 aaa
550 2438 695 2485 praetensae
715 2438 840 2485 cenarem
864 2440 993 2479 varmum

191 2486 234 2524 tam
246 2486 350 2523 evidenter
362 2489 445 2533 (totum)
455 2488 572 2535 peractum.
598 2486 678 2526 Auen.

241 2551 271 2594 tn
293 2548 363 2588 Verba
376 2552 398 2589 ld
410 2555 498 2595 sonante
521 2561 596 2590 sensus
609 2538 680 2591 {utem
694 2553 744 2593 ertt:
766 2550 814 2591 uon
826 2554 886 2593 vtdeo
898 2554 922 2593 et
936 2557 992 2595 tual-

190 2598 221 2634 cto
233 2598 323 2636 humum
336 2600 460 2639 animm
471 2602 575 2645 oerltmirr
589 2602 694 2649 (supplerl
708 2604 727 2641 et
739 2604 784 2650 qno
798 2604 849 2643 solit
862 2604 896 2643 to
908 2608 991 2645 udae.

190 2642 241 2681 Vel:
263 2646 310 2683 Non
321 2652 384 2693 puto,
403 2652 458 2696 quod
469 2652 561 2688 studioso
573 2653 665 2688 veritatis
681 2652 779 2691 lucram
791 2654 904 2693 lmmtscat.
933 2656 991 2697 Anti

190 2693 222 2729 An
234 2695 301 2730 mdc
313 2697 533 2737 muneratam
546 2708 590 2737 ctu
600 2698 713 2739 teanum
737 2701 818 2742 Aule.
