2050 3100
160 183 175 233 a
286 185 724 243 nurn1unoucesrnr
748 185 825 230 son.
846 181 951 245 [mm]

159 287 309 342 tentionem
318 287 465 340 universae
475 285 627 357 scripturae
643 301 719 350 vere,
741 291 813 339 certe
828 293 855 338 et
869 286 953 339 mani-

159 361 228 416 feste
239 361 468 423 circumcernere,
489 377 544 414 non
556 359 718 414 dissecando
728 359 897 414 harmoniam
907 376 954 414 ne-

159 451 214 507 que
233 435 364 490 unionem
384 432 584 506 disiungend03
620 434 688 489 alias
703 433 792 488 aliena
806 434 915 488 omnino
929 441 955 488 et

160 509 280 563 absurda
294 516 457 580 apparerent
470 509 576 572 omnia,
597 509 791 562 communitate
805 506 850 562 vel
862 508 955 578 aequi-

159 591 214 638 tate
231 582 385 638 deturbata.
424 581 498 648 Quid
511 599 576 655 ergo
593 591 635 637 est
648 582 762 637 intentio
776 581 954 653 legislationis

159 656 322 728 praetensa?
357 655 559 730 Scientilica*)‚
588 666 616 711 et
633 655 773 727 quidquid
793 655 954 710 scientificas

159 732 363 786 circumscribit
382 731 502 802 species:
541 731 672 802 quoniam
692 730 911 784 convenientiam
929 738 955 784 et

161 814 317 877 coaptatum
331 805 448 861 verbum
464 805 679 877 opinionemque
693 805 794 876 recipit
809 804 957 859 immolatio

160 897 192 934 ac
206 881 296 935 omnis
309 881 439 944 scientie,
460 879 565 951 quibus
575 896 630 933 non
639 879 729 934 solum
739 879 863 934 veritatis
873 880 957 933 vcsti-

159 955 205 1027 gie
220 963 403 1025 usurpentur,
423 970 521 1009 verum
538 954 620 1008 etiam
634 952 823 1017 obducuntur,
844 961 876 1006 ut
889 952 958 1006 edu-

161 1029 262 1084 latione
272 1029 397 1084 dilectio:
419 1030 457 1083 ita
466 1036 498 1082 ut
507 1027 757 1101 commutentur**)
767 1027 849 1082 rebus
861 1027 957 1080 alienis

159 1112 187 1157 et
203 1103 356 1175 inexpertis
370 1106 432 1175 ipse
446 1103 565 1176 genuina
586 1111 612 1165 et
629 1103 816 1174 experimento
835 1116 959 1171 compro-

158 1178 232 1233 bata.

217 1255 300 1326 Atqui
311 1255 549 1326 praelaudatorurn
560 1255 741 1312 animantium
752 1260 864 1307 naturae
878 1251 960 1306 fami-

160 1328 306 1382 liaritatem
329 1338 429 1400 gerunt
450 1347 513 1383 curn
537 1329 662 1383 universi
685 1327 822 1398 partibus.
861 1329 960 1381 Terrae

159 1401 220 1464 bos,
232 1408 262 1454 ut
272 1410 360 1454 arator
372 1400 408 1474 [*]
419 1410 447 1455 et
457 1402 587 1473 agricola.
613 1403 647 1455 Et
656 1418 744 1471 aquae
755 1417 836 1472 capra
846 1399 960 1473 (Graece

160 1482 188 1528 et
196 1472 357 1528 Armeniace
368 1477 413 1537 αἴξ
422 1476 466 1530 vel
477 1474 547 1548 aiz),
570 1475 671 1529 animal
685 1492 771 1547 ¹agens
786 1484 813 1530 et
825 1476 961 1546 impetum

159 1547 265 1603 faciens
279 1547 384 1603 dictum
394 1548 439 1620 (ab
449 1547 521 1623 dyo,
538 1548 649 1624 dioro),
665 1552 796 1623 quoniam
806 1552 962 1622 impetuosa

159 1632 201 1677 est
211 1639 296 1694 aqua:
322 1632 349 1690 et
357 1631 440 1684 testes
450 1632 516 1678 sunt
525 1622 671 1681 fluminum
681 1642 779 1681 cmsus
793 1634 819 1681 et
835 1624 962 1681 latitudi-

160 1698 205 1752 nis
215 1698 300 1752 maris
311 1699 494 1762 extensiones,
506 1707 533 1754 et
543 1699 636 1771 ipsum
649 1716 723 1755 marc
733 1698 811 1763 fluxu
821 1700 960 1754 laborans.

160 1772 224 1827 Aeri
235 1780 327 1826 autem
336 1772 420 1837 aries.
437 1781 467 1828 ut
477 1772 559 1829 ratde
569 1775 707 1829 violentus
721 1783 747 1831 et
761 1776 858 1830 vivax:
885 1774 963 1828 unde

159 1855 187 1901 et
205 1847 306 1900 animal
327 1847 513 1902 animantibus
533 1849 673 1904 universis
688 1850 782 1904 utilior
800 1848 963 1903 hominibus

160 1921 245 1985 aries,
266 1922 316 1991 qui
327 1930 354 1975 et
363 1922 555 1977 indumentum
566 1923 607 1977 eis
617 1932 745 1995 praestat.
785 1924 898 1994 Propter
911 1922 964 1977 has

158 1998 253 2066 itaque
267 1996 400 2060 rationes,
422 2006 453 2053 ut
469 2006 549 2069 puto.
575 1998 692 2053 feminas
711 1998 774 2053 illes
792 1998 897 2069 primes
913 2015 964 2051 su-

159 2086 235 2131 mere
245 2078 349 2137 monet,
371 2088 481 2142 capram
492 2081 519 2127 ct
528 2089 653 2135 vaccam,
675 2073 805 2143 quoniam
816 2072 898 2126 ambo
909 2072 965 2125 ista

160 2146 308 2209 elementa,
329 2153 400 2200 terra
414 2154 440 2200 et
451 2163 535 2217 aqua,
557 2147 709 2202 materialia
724 2155 788 2201 sunt
801 2163 833 2205 eo
846 2146 905 2200 iere
922 2145 966 2199 ie-

160 2222 264 2287 minae;
295 2222 407 2275 tertium
417 2237 482 2275 vero
495 2222 664 2285 masculum,
685 2222 812 2285 arietem,
833 2222 902 2291 quia
919 2222 966 2275 aer

160 2296 220 2350 sive
231 2304 329 2351 ventus
339 2296 420 2365 quasi
431 2295 571 2349 masculus
582 2304 623 2349 cst
639 2295 774 2350 redditus.
814 2294 967 2365 Siquidem

161 2378 321 2425 cunctarum
334 2387 426 2423 rerum
441 2378 553 2425 naturae
573 2378 619 2425 aut
636 2370 665 2423 in
681 2386 781 2441 corpus
799 2369 891 2423 autin
908 2378 967 2423 ter-

160 2460 219 2496 ram
229 2452 255 2498 et
265 2460 365 2514 equam
374 2444 520 2499 distinctae
531 2452 609 2509 sunt,
626 2452 653 2498 et
663 2443 781 2498 feminee
796 2460 832 2500 ex
846 2451 964 2506 natura3

211 2618 232 2661 ¹)
256 2617 343 2658 Poterat
363 2619 418 2657 verti
439 2618 504 2662 etiam
525 2614 638 2655 socrualis
661 2616 698 2657 eut
708 2622 817 2660 praesepe
834 2616 872 2651 ant
889 2615 969 2661 potius

158 2668 300 2713 praenostica.
326 2667 407 2706 Auen.

212 2721 246 2770 Ι“)
270 2722 364 2763 Verbum
382 2728 442 2765 deest
458 2727 480 2763 tn
498 2725 569 2767 Arm..
589 2718 645 2757 unde
663 2718 742 2765 pendet
759 2728 842 2759 sensus.
879 2720 969 2760 Auen.
