2050 3100
141 199 173 249 us
371 203 559 248 rnrnours
578 199 715 247 rnnuur
863 193 895 260 [1.
907 193 951 259 ra]

142 304 259 376 abrupta
278 299 381 361 montis
404 302 475 359 caeli
485 311 611 359 naturam
622 300 745 374 apertius
754 316 888 365 cernere,
904 318 952 374 per

141 379 303 452 speluncam
317 378 436 434 vadunt:
466 379 517 450 qui
532 377 649 434 vixdum
664 376 848 448 pervenerint
861 393 951 448 usque

142 455 175 509 ad
189 456 378 528 prominentes
393 452 522 525 scopulos
533 469 584 508 nec
593 453 666 507 ultra
675 449 809 523 progredi
820 457 949 522 possunt,

141 530 308 586 deresidna
326 529 491 585 celsitudine
509 528 634 592 retracti,
665 543 757 598 neque
777 525 952 582 descendere

141 613 321 676 praesumunt
339 603 376 660 ob
393 605 469 659 visos
492 603 585 659 hiatus
610 601 680 674 ipsis
704 600 951 674 phantasmatibus

141 689 232 735 ruente
252 679 335 751 eapti.
374 677 478 752 Optens
497 679 572 734 enim
590 687 732 749 tamquam
745 676 879 732 divinam
894 693 950 732 rem

140 755 315 828 tyrannidem
334 754 516 825 eamdemque
536 754 678 825 acquirere
695 751 811 810 molitus
834 761 951 809 conten-

140 832 228 894 tione,
249 848 301 885 nec
320 829 360 902 (in
381 828 423 903 ea)
441 846 616 901 permanere,
642 844 733 898 neque
752 826 950 902 subterfugere

140 904 221 978 (eam)
239 914 330 960 tutum
348 922 409 960 esse
426 904 566 960 credebat.
616 903 646 958 Si
666 903 741 957 enim
760 911 946 974 permaneret.

139 996 223 1052 super
237 997 268 1035 se
282 981 405 1037 invicem
419 977 570 1035 effluebant
582 979 654 1034 mala
664 979 801 1033 immensa
812 979 945 1044 interius;

140 1055 166 1109 si
181 1063 274 1110 autem
287 1055 426 1128 deponere
440 1054 539 1121 vellet,
559 1053 716 1127 periculum
726 1053 899 1110 imminebat
906 1055 947 1108 vi-

139 1141 183 1186 tae
198 1130 233 1185 ab
248 1132 373 1196 minatis,
395 1131 439 1186 sin
454 1131 548 1187 minus
559 1146 685 1202 corpore,
707 1129 800 1184 animo
811 1129 914 1185 saitem
924 1137 948 1184 et

139 1206 465 1262 consilioadversumse.
576 1239 580 1248 ·

195 1282 238 1338 27.
259 1280 339 1349 Quod
351 1281 449 1354 probat
458 1289 485 1336 et
495 1279 597 1336 iactum
607 1279 715 1352 ipsum,
732 1293 787 1350 quo
798 1295 889 1340 usum
898 1280 949 1335 aii·

139 1357 251 1429 quando
262 1357 360 1413 dieunt
370 1355 551 1430 (Dionysium)
563 1372 627 1430 erga
638 1371 712 1418 eum,
724 1353 774 1426 qui
784 1353 886 1412 beatos
895 1371 949 1428 pu·

138 1433 215 1487 tabat
228 1441 369 1505 tyrannos.
408 1434 479 1487 Nam
493 1449 595 1487 vocans
608 1448 672 1486 eum
684 1429 836 1485 adlautum
848 1432 949 1504 opipa-

139 1521 258 1579 rumque
268 1509 391 1565 convivii
402 1516 573 1584 apparatum,
586 1507 751 1563 tenuissimo
761 1504 809 1561 filo
816 1503 856 1581 [Ἴ
865 1506 950 1563 iussit

139 1583 260 1637 securim
270 1592 430 1655 peracutum
440 1583 575 1655 suspendi
585 1596 754 1655 supra'eum.
775 1580 872 1649 Quum
883 1598 949 1657 ergo

139 1657 306 1713 accumbens
317 1660 395 1729 illam
405 1667 518 1732 repente
528 1658 659 1723 vidisset,
672 1674 723 1713 nee
733 1672 849 1729 surgere
861 1672 949 1714 ausus

139 1740 194 1797 est,
214 1750 305 1804 neque
319 1734 375 1789 frui
389 1736 448 1791 uilo
462 1749 497 1791 ex
509 1734 681 1807 praeparatis
696 1750 712 1788 a
726 1740 843 1806 tyranno
858 1732 898 1789 ob
911 1734 950 1789 ti-

138 1823 257 1875 morem3
298 1810 428 1881 quisquis
448 1811 523 1865 enirn
542 1808 645 1883 erat*)‚
677 1807 869 1863 abundantem
888 1826 950 1864 rna-

138 1896 277 1955 gnamque
297 1883 467 1956 voluptatem
487 1886 653 1957 contempsit
672 1892 699 1939 et
713 1883 820 1947 elevate
834 1884 950 1940 cerviee

139 1974 170 2012 ac
190 1958 271 2013 vultu
289 1958 433 2015 interitum
452 1960 639 2033 exspectabat.
682 1958 763 2027 Quod
782 1958 949 2033 intelligens

137 2034 300 2108 Dionysius:
315 2034 446 2101 Videsne,
458 2038 505 2101 ait,
517 2034 702 2109 exoptandam
713 2050 948 2107 semperqueme-

139 2110 299 2164 morandum
309 2119 430 2166 nostram
440 2110 545 2166 vitam?
565 2112 639 2167 Talis
650 2118 723 2166 certe
732 2119 787 2174 est,
800 2117 832 2165 ut
841 2111 870 2165 si
881 2112 948 2183 quis

138 2185 208 2241 nolit
222 2202 284 2241 sese
297 2185 438 2257 decipere,
461 2186 587 2241 eumdem
601 2185 717 2241 irrideat
724 2186 847 2241 omnino.
893 2188 949 2241 iia-

137 2260 184 2315 bet
198 2263 274 2317 enim
288 2262 318 2316 in
331 2280 362 2316 se
375 2263 486 2334 copiosa
496 2262 582 2327 dona,
602 2262 807 2334 possessionem
816 2276 887 2319 vero
896 2262 949 2317 de-

137 2344 244 2391 centem
254 2337 361 2392 nuliius
372 2337 451 2401 boni,
468 2336 518 2391 sed
528 2337 621 2408 potius
631 2345 748 2393 terrores
758 2352 847 2393 unum
858 2354 948 2411 super

137 2411 254 2465 aiterum
267 2413 369 2467 multos
384 2422 412 2467 et
423 2412 549 2484 pericula
563 2412 746 2485 morbumque
756 2412 949 2471 incurabibm

185 2550 207 2593 ⁵)
220 2550 243 2587 Is
251 2551 292 2589 tuit
302 2552 426 2590 Damocles:
440 2550 514 2590 confer
523 2563 572 2592 eum
581 2555 667 2602 seriptis
676 2566 689 2594 e
699 2554 767 2595 citer.
776 2555 803 2593 L.
812 2552 840 2595 V.
851 2554 948 2605 Quaem.

134 2595 220 2635 Tnsenl.
235 2608 254 2635 e.
269 2600 301 2637 21.
316 2603 338 2638 et
350 2599 428 2640 Perseo
441 2600 519 2639 Flacco
533 2606 576 2642 eto.
605 2602 684 2644 uenero
698 2605 754 2644 unde
767 2606 865 2644 hauserit
880 2604 950 2647 Glos-

134 2646 192 2681 setor
209 2645 269 2684 Arm.
287 2649 350 2693 illud,
374 2651 430 2697 quod
447 2653 539 2698 margini
556 2653 635 2692 codicia
653 2656 774 2694 mandavit:
804 2656 866 2695 Plato
886 2663 951 2703 erat:

133 2690 256 2778 {imaquffi
262 2696 308 2779 cipe
325 2699 348 2735 tn
365 2698 438 2738 sicilia
454 2700 541 2741 affrusm
558 2703 636 2744 dieitur
654 2706 681 2745 ad
698 2710 814 2755 tyrarrnnm
830 2708 950 2749 lustr-uen-
