2050 3100
60 130 97 196 [1,
110 128 172 194 lib]
265 134 333 180 ΜΒ.
351 136 402 181 DE
422 136 668 185 'Antunmaos
817 136 865 189 {55

60 234 103 288 ad
113 234 259 290 sanitatem
269 236 571 309 perseverationemqne
584 238 751 294 valetudinis
764 239 866 298 habent

61 307 220 382 (animalia)
231 310 426 381 appetitionem
436 309 493 383 (ant
502 312 749 387 imaginationem),
765 323 792 369 et
800 318 866 369 uui-

61 383 173 437 versali
191 384 434 454 comprehensione
451 387 642 441 universorum
662 397 784 443 carentes
805 406 866 444 eam

62 456 212 528 possident
222 458 427 523 certitudinem,
448 476 520 531 quae
534 462 563 514 in
577 462 688 533 propria
701 464 795 534 specie
806 480 866 517 cer-

64 532 155 585 nitur,
178 532 370 587 Verumtamen
381 535 521 589 rationalis
530 535 642 591 habitus
654 534 690 665 ς]
703 554 815 592 necesse
826 546 867 593 est

63 605 120 660 illa
134 606 239 660 nullam
254 607 355 663 habere
367 609 616 679 participationem.
679 612 805 667 ationalis
816 628 866 667 an·

65 689 126 734 tem
144 679 254 735 habitus
273 690 314 736 est
331 682 510 754 syllogismus
527 701 562 738 ex
580 686 796 756 apprehensione
816 703 866 741 en·

64 757 154 819 tium,
167 772 238 827 qnae
248 756 361 811 minime
371 755 484 816 adsunt:
500 766 531 812 nt
539 760 694 815 intellectus
706 760 741 815 de
751 761 815 827 deo,
831 760 866 816 de

64 828 187 893 mundo,
204 828 237 884 de
248 829 323 903 lege,
340 831 470 902 depatrio
480 848 568 897 more,
585 833 756 900 decivitate,
772 835 867 907 depo-

65 903 160 968 litica,
181 902 269 977 deque
288 906 350 960 aliis
366 906 533 971 innumeris,
553 923 670 977 quorum
689 908 759 964 nihil
774 910 866 983 perci·

64 976 273 1051 piuntbestiae.

126 1089 170 1141 86.
183 1086 219 1142 m
228 1095 311 1158 caput
319 1086 434 1141 efferens
443 1102 533 1157 equus
543 1086 646 1151 hinnit,
659 1096 686 1142 et
695 1088 791 1159 pavidi
801 1099 866 1145 sunt

64 1177 169 1215 cerrus
182 1160 332 1233 lepusque,
354 1169 381 1215 et
398 1161 503 1232 perfida
518 1162 631 1233 vulpes,
656 1162 703 1217 alii
717 1179 864 1234 puerorum

63 1236 180 1299 amasii,
200 1235 304 1300 invidi,
325 1245 352 1290 et
365 1236 395 1290 id
410 1252 497 1308 genus
510 1236 607 1291 multa.
645 1238 705 1293 Non
715 1238 811 1308 utique
821 1255 866 1293 sa·

67 1309 191 1365 cundum
219 1327 333 1365 acumen
363 1310 505 1365 oculorum
536 1312 643 1367 animae
674 1311 864 1368 certitudinem

67 1377 216 1455 quamdam
236 1385 471 1457 comprehendunt
493 1384 662 1451 intellectus,
694 1385 743 1441 sed
767 1404 866 1443 secun-

68 1459 137 1514 dum
156 1458 242 1525 illud,
267 1459 341 1532 quod
361 1478 396 1515 ex
413 1468 509 1514 natura
530 1469 675 1533 apparatus
694 1462 864 1519 necessarius

66 1534 189 1607 singulis
204 1535 369 1590 conveniens
384 1533 463 1590 datus
477 1542 533 1602 est,
554 1536 626 1590 sicut
640 1544 730 1607 partes
744 1538 864 1612 corporis

68 1619 97 1664 et
112 1611 231 1674 animae,
253 1611 372 1682 singulis
390 1611 501 1681 proprio
521 1610 650 1666 modoad
667 1611 712 1668 sui
726 1613 864 1686 totiusque

67 1683 264 1756 perlectionem
273 1684 460 1757 operantibus.
473 1754 477 1764 ἱ

126 1794 167 1845 87.
180 1793 250 1847 Ecce
260 1801 287 1847 et
297 1793 402 1857 leones,
413 1792 540 1850 videntes
549 1813 579 1850 se
589 1795 731 1851 evidenter
740 1795 864 1851 debella·

67 1876 126 1929 tos,
141 1866 305 1932 abscedunt,
321 1868 479 1924 etnolentes
488 1871 759 1942 quemquamvidore
769 1870 863 1944 fugam

67 1951 228 2012 capessunt,
242 1943 311 2013 quin
320 1951 469 1997 retrorsum
478 1961 508 1998 se
518 1954 636 2000 vertant:
652 1945 809 2002 ambitionis
819 1947 863 2000 ni-

68 2017 111 2072 hil
121 2018 270 2088 quicquam
277 2016 321 2072 vel
332 2016 471 2073 modicum
479 2021 638 2084 sentientes,
648 2019 698 2074 sed
708 2021 773 2090 quia
782 2029 863 2090 petu-

67 2091 157 2147 lantes
171 2109 232 2147 esse
250 2100 464 2156 consueverunt,
484 2101 625 2165 tamquam
644 2094 716 2148 acuti
731 2092 765 2147 ad
780 2093 863 2148 robur

68 2165 254 2222 exercendum
263 2167 324 2222 sine
333 2165 469 2221 doctrina:
488 2168 572 2221 robur
586 2176 675 2222 autern
686 2183 740 2221 non
751 2169 863 2237 acquie-

67 2241 125 2296 scit
136 2241 273 2296 contemni
287 2241 322 2296 ab
336 2241 409 2296 aliis.
446 2239 524 2296 Idem
538 2242 608 2296 mihi
621 2240 750 2296 videntur
763 2241 822 2310 pati
837 2250 863 2297 et

68 2316 149 2385 equi,
169 2317 244 2372 cervi
259 2323 419 2386 caeteraque
434 2315 608 2379 animalium,
630 2330 701 2384 quae
713 2313 862 2372 ambitione

68 2389 143 2445 allici
156 2398 297 2460 putantur.
333 2391 443 2446 Etenim
460 2388 536 2444 haud
550 2387 584 2444 de
596 2389 717 2460 primatu
731 2387 859 2460 cogitant,

67 2463 119 2520 sed
129 2464 283 2520 assuefacta
290 2464 433 2529 alimento,
456 2481 502 2529 ea,
523 2464 553 2518 iu
566 2462 669 2534 quibus
680 2464 862 2530 exercitantur

68 2539 105 2595 ab
114 2537 270 2603 educatore,
283 2540 434 2594 imitantur.

125 2648 167 2699 88.
191 2648 249 2702 Neo
261 2656 353 2717 tamen
369 2645 571 2717 desperandum
588 2659 741 2718 supponere
760 2644 814 2699 iam
832 2647 861 2699 in
