2050 3100
41 186 164 271 [1‚ur.]'
244 210 651 259 urn'uunurusmnus.
798 209 857 261 tou

40 327 100 365 uon
111 308 244 439 htabentes
255 309 356 366 iontem
365 313 466 368 mentis
475 330 623 387 progressu
637 313 844 370 deliberationis

40 401 127 439 caron
142 426 149 437 .

102 492 146 547 97.
166 494 251 549 lllulta
266 504 292 549 et
309 494 363 550 alia
381 494 416 550 de
432 495 489 551 illis
508 496 605 551 dicunt
624 495 658 550 ad
681 496 797 551 virtutes
818 504 844 551 et

42 568 181 622 malitiam
195 569 360 639 pertinentia
379 570 563 641 exploratores
580 568 616 645 [³⁵]
633 571 763 625 historiae
783 572 844 625 ani-

41 642 176 705 malium,
188 644 210 697 ii
219 660 331 714 nempe,
343 644 446 714 quibus
456 662 515 699 mos
526 654 566 700 est
575 645 610 700 ob
620 646 707 700 otium
718 645 843 717 improba

42 726 74 771 et
93 716 186 771 minus
206 716 340 772 laudabili
360 718 557 774 consuetudine
571 720 655 775 verba
673 719 840 790 protrahere.

40 793 102 846 Nos
115 798 205 845 autem
219 793 275 846 iam
292 791 401 863 pridem
419 796 587 848 asseruimus
602 812 637 848 ex
652 795 784 849 diametro
799 812 843 849 nr-

40 873 207 938 gumentum
216 866 349 921 adversus
362 876 568 937 praesumentes
577 868 776 931 contradicere,
798 870 843 922 ni-

41 939 89 1010 hil
99 956 209 1013 urgere,
226 958 276 995 cur
285 941 410 995 dicamus
420 941 549 996 animalia
558 958 608 1012 per
618 942 761 995 scientiam
771 940 842 995 deli-

40 1015 197 1069 berativam
211 1015 326 1087 provido
342 1015 457 1069 consilio
474 1031 555 1086 agere
568 1013 702 1085 quicquid
721 1015 839 1081 faciunt,

41 1088 96 1144 sed
110 1090 162 1143 etsi
176 1090 268 1161 aliqua
284 1090 319 1144 ab
329 1089 387 1144 illis
397 1089 462 1143 fiant
473 1088 508 1143 ad
519 1089 730 1143 similitudinem
742 1089 842 1143 huma·

40 1182 96 1219 nae
111 1165 289 1234 operationis,
310 1165 371 1218 sine
385 1163 527 1218 intellectu
539 1164 634 1237 peragi
645 1164 750 1234 primae
760 1171 841 1216 natu-

40 1256 91 1293 rae
108 1239 245 1309 impulsu,
271 1255 342 1308 quae
361 1246 521 1310 apparatum
539 1238 711 1309 singulorum
732 1238 761 1291 in
779 1237 840 1307 ipsa

39 1313 185 1368 nativitate
194 1312 378 1376 distribuens,
400 1314 480 1368 illum
495 1311 607 1368 donavit
620 1313 660 1367 eis
671 1312 747 1367 velut
760 1312 840 1365 inna-

38 1397 113 1443 turn.

100 1498 142 1550 98.
161 1492 297 1551 Hactenus
312 1496 378 1551 satis
392 1496 477 1552 locuti
491 1495 527 1552 de
536 1496 639 1552 ratione
653 1494 801 1553 exsistente
810 1494 840 1550 in

38 1571 199 1636 intellectu,
211 1571 376 1627 locutionem
386 1589 460 1626 nunc
470 1573 669 1626 examinemus.
694 1570 840 1642 Siquidem

38 1645 165 1702 merulae
178 1652 205 1702 et
219 1648 294 1701 corvi
308 1655 334 1702 et
348 1648 459 1718 psittaci
472 1655 499 1701 et
509 1647 679 1709 consimiles,
701 1645 752 1700 etsi
763 1645 839 1700 varie

36 1737 139 1777 vocem
157 1720 308 1791 proferant,
337 1722 510 1777 articulatum
533 1727 623 1777 tamen
643 1737 793 1792 numquam
813 1728 840 1774 et

38 1795 122 1851 nullo
141 1795 221 1852 modo
240 1797 406 1852 vocabulum
423 1797 604 1869 pronunciare
626 1805 740 1868 queunt.
783 1793 839 1850 Sed

36 1880 123 1944 puto,
139 1870 227 1941 quod,
242 1872 473 1943 quemadmodum
483 1873 513 1926 in
524 1872 713 1926 instrumentis
721 1870 837 1924 musicis
870 1900 874 1916 ,

37 1946 177 2001 foramina
190 1947 318 2016 quamvis
332 1946 450 2002 habeant
464 1948 616 2017 portionem
631 1947 754 2000 veritatis
773 1961 839 1999 con-

35 2020 149 2083 stantis,
164 2037 218 2074 uon
229 2029 319 2074 tamen
329 2022 473 2076 rationales
483 2023 590 2076 sonitus
600 2028 664 2075 sunt
673 2027 836 2079 constantes,

35 2094 91 2151 sed
101 2093 186 2149 forma
200 2103 335 2159 carentes,
357 2104 384 2149 et
397 2104 595 2166 consequenter
609 2094 680 2148 nihil
694 2093 838 2147 manifeste

35 2185 178 2241 exponere
195 2178 324 2240 possunt:
349 2170 387 2224 ita
401 2178 428 2224 et
441 2171 642 2240 praedictorum
658 2167 839 2220 animantium

34 2261 124 2301 voces
134 2253 199 2299 sunt
212 2243 411 2316 significatione
425 2253 547 2298 carentes
556 2250 583 2296 et
594 2241 742 2304 deformes,
764 2240 839 2294 veri-

32 2328 124 2377 tatem
136 2317 237 2373 lormae
247 2319 381 2372 sermonis
391 2335 445 2372 non
452 2317 581 2374 vocabuli
589 2314 670 2370 modo
680 2315 839 2386 exprimen-

31 2407 95 2458 tes,
107 2392 157 2447 sed
167 2411 216 2464 per
224 2392 398 2447 cantilenam.

95 2503 140 2554 99.
157 2500 285 2572 Exempli
301 2500 360 2555 loco
373 2500 429 2554 siut
444 2500 496 2554 tibi
510 2498 579 2555 tibia
594 2506 621 2552 et
635 2497 749 2563 cithara,
774 2515 838 2553 cum

33 2577 104 2632 aliis
116 2575 307 2630 instrumentis
316 2575 443 2640 musicis;
466 2576 596 2644 quoniam
611 2573 736 2645 pulsatus
748 2574 782 2628 ab
793 2573 837 2628 his

33 2655 84 2707 ae'r
97 2665 180 2704 sonos
194 2650 302 2721 perficit
316 2647 448 2702 imitando
465 2665 545 2703 voces
564 2648 712 2712 humanae,
734 2649 782 2720 qui
796 2657 838 2703 ta-

31 2742 103 2802 men
118 2724 216 2779 incerti
231 2731 336 2779 suntet
350 2730 491 2793 nequeunt
505 2730 659 2778 constanter
672 2722 787 2778 formare
798 2723 838 2776 si-
