2050 3100
35 199 82 264 [1,
92 194 186 260 raas]
205 201 254 246 nn
273 199 549 250 Pnovmnurln
567 203 695 250 sunno
714 206 745 250 11.
769 223 773 230 ·
828 199 862 252 77
961 197 970 216 ⁸

36 303 192 366 luissent,
206 302 230 354 si
240 302 344 356 omissa
352 304 430 372 poesi
440 302 641 375 disputationes
652 314 699 360 aut
709 305 861 380 dialogicae

40 375 93 493 t]
108 376 664 510 artatascantarana

37 466 206 581 filgiigiebat
215 525 280 597 pius
290 493 374 597 qnam
383 495 477 592 vellit,
490 529 525 582 ad
536 546 566 584 ea
576 471 859 603 pitilussi’iiisiiirsienniff
871 499 874 504 ,

39 613 120 656 tura
133 601 227 672 ipsum
242 599 371 666 vocabat,
392 600 553 669 deflectens,
574 606 801 678 interrogationes
816 624 860 662 ro—

40 691 216 748 sponsaque
230 675 369 731 Socratica
383 685 410 732 et
424 678 515 733 adhuc
530 681 708 738 vetustiorem
722 681 860 754 Pythago-

39 754 145 808 ricam
159 750 324 822 sapientiam
340 752 371 806 in
385 753 445 807 suis
464 753 583 826 dialogis
601 755 763 828 descripsit,
788 774 859 828 quae

39 826 213 882 venustatis
222 826 303 881 titulo
313 835 360 881 aut
369 826 541 884 sublimitate
550 831 684 885 sermonis
695 832 809 886 minime
815 831 860 885 di-

42 909 132 956 stant
142 918 159 955 a
168 901 276 972 poetica
288 902 440 956 maiestate.
479 905 536 957 lmo
550 905 673 976 increpat
687 907 770 959 etiam
784 906 856 970 illos,

42 977 107 1049 qui
118 991 266 1046 quumnou
275 977 332 1031 sint
341 985 438 1031 natura
448 977 483 1032 ad
492 980 589 1049 poesin
600 979 666 1050 apti,
673 981 780 1051 poetice
790 982 859 1034 sori·

42 1054 124 1108 bant
134 1049 256 1122 aliquid,
268 1047 410 1124 dicens*);

113 1152 159 1205 ta.
182 1143 260 1217 „Qut
270 1152 331 1206 sine
341 1150 433 1207 furore
442 1151 596 1217 Musarum,
613 1151 647 1206 ad
656 1153 776 1224 poeticas
787 1151 858 1208 iores

44 1225 179 1289 accedit,
199 1242 362 1296 persuasus,
383 1226 462 1298 quasi
481 1243 546 1282 vero
561 1245 596 1282 ex
614 1235 671 1282 arte
690 1225 858 1282 sufficienter

41 1309 167 1377 poetam
177 1317 207 1354 se
217 1318 378 1365 evasurum,
398 1300 575 1373 imperfectus
590 1303 650 1374 ipse
661 1301 855 1375 (comperitur),

44 1387 76 1434 et
88 1375 188 1450 poesis
199 1376 323 1431 asohriis
333 1375 454 1448 proiecta
465 1377 545 1450 longe
556 1376 669 1433 inferior
679 1375 741 1442 ilia,
757 1393 828 1449 quae
842 1395 858 1432 a

44 1450 215 1510 furentibus
226 1453 408 1523 componitur.
416 1458 436 1484 “

111 1564 157 1617 dd.
181 1560 315 1618 Similiter
331 1563 357 1615 si
375 1563 439 1633 quis
456 1562 631 1626 raucisonus,
652 1561 812 1617 horrisonus
826 1578 857 1617 ac

43 1634 571 1709 melodiaeexperspraesumatcanere,
583 1636 704 1709 duplicis
713 1636 856 1709 inelegan-

42 1721 111 1773 tiae
122 1713 154 1767 in
164 1713 270 1767 musica
279 1712 392 1784 praebet
406 1710 560 1784 specimen,
582 1720 641 1768 tum
651 1710 743 1783 quoad
753 1713 857 1766 instru-

43 1796 164 1851 menta,
180 1795 240 1842 tum
251 1788 372 1843 maxime
385 1787 477 1859 quoad
490 1804 594 1843 mores:
624 1788 754 1859 quoniam
764 1795 857 1860 tegere

43 1864 150 1936 turpia
159 1862 272 1934 expedit
279 1863 381 1935 potius,
393 1878 478 1935 quam
488 1880 635 1935 exponere.
656 1862 718 1918 Noli
729 1880 794 1935 ergo
803 1864 857 1918 miv

44 1940 126 2002 rari,
148 1936 174 1994 si
189 1939 233 1994 vir
247 1939 336 1993 iustus
350 1939 400 2012 qui
414 1939 502 1993 nescit
517 1954 638 2003 currere,
663 1946 808 2010 superetur
822 1937 856 1991 ab

45 2016 162 2073 iniusto
172 2029 296 2081 cursore,
310 2030 365 2067 non
375 2014 450 2068 enim
459 2015 611 2086 sapientiae
620 2030 690 2085 opus
702 2020 743 2068 est
753 2013 857 2067 veloci—

45 2105 112 2153 tas,
124 2104 229 2159 neque,
241 2096 297 2143 uta
307 2088 387 2143 vohis
397 2097 524 2160 putatur,
534 2089 637 2160 poesis.

113 2199 157 2251 45.
178 2195 375 2251 Anaxasnrn.
398 2194 434 2326 ς]
450 2196 530 2259 Esto,
547 2206 653 2252 caetera
663 2194 853 2249 admittantur:

45 2285 76 2332 at
88 2270 208 2398 illudne?
212 2273 295 2326 etiam
310 2270 385 2326 haud
413 2269 472 2327 'ene
487 2273 558 2361 inter
573 2270 759 2344 impossibilia
772 2286 857 2341 repu—

44 2359 144 2409 tatum
155 2355 191 2401 stt

110 2457 215 2512 Panno.
239 2454 395 2523 Quidnam?

110 2565 309 2621 Ansxarnra.
321 2564 378 2620 Aut
387 2573 482 2620 natum
492 2563 584 2620 dicare
594 2560 730 2617 mundum
740 2568 854 2633 oportet,

104 2705 128 2752 ³)
157 2704 219 2745 Plato
237 2708 260 2746 in
280 2706 447 2754 Phaedromi,
472 2707 518 2747 att.
538 2706 572 2747 sd.
589 2705 616 2745 H.
638 2702 731 2754 stepha:
750 2700 784 2749 Ὃς
797 2698 818 2742 d‘
831 2699 856 2741 ἂν

45 2761 103 2801 r'r'mt
115 2757 192 2806 wass
205 2755 247 2796 κτλ.
