2050 3100
83 141 116 210 [1.
126 139 171 217 aa]
194 145 256 192 -uu
275 127 550 194 unumunurm
569 146 695 196 senato
714 147 748 194 11.
847 143 880 196 89

135 246 184 303 di,
202 245 283 304 Atax
292 252 365 302 terra
371 259 487 317 vapores
498 244 617 317 ad-quid
631 245 732 304 n'tilesl
760 247 782 304 0
797 249 881 306 mira·
946 243 948 248 ’

82 321 153 378 bilis
162 321 216 385 vir,
226 323 333 376 exedre
344 321 474 378 distinata
482 322 644 392 oounoaitm
655 339 746 378 aunon
755 331 796 382 ast
803 323 881 381 saln-

80 396 246 461 tifena.,non
256 395 423 453 animalibus
432 404 548 460 mutum,
562 412 659 452 verum
669 398 751 452 etiam
761 397 882 469 plantis?

79 473 156 535 lma,
167 531 173 542 .
186 471 212 525 ai
225 478 352 542 oportum
369 470 460 527 adhue
482 470 655 542 prosedendo
680 487 814 538 asserere,
845 473 881 528 iis

80 561 209 617 quoqne,
228 545 280 617 qui
292 545 380 602 solida
394 553 490 604 natura
498 563 594 602 seeum
603 547 724 606 invicem
734 547 882 610 commixta

81 628 164 683 sunt,
184 637 267 678 eamn
281 617 504 694 eitt[*]utstant.
543 620 733 679 Animantium
742 623 881 694 imprimis

81 711 148 750 asoa
162 694 380 753 residuorum
394 697 519 752 omnium
533 704 702 768 potuumque
715 695 882 772 frequentis

81 770 169 826 aima:
193 767 513 841 iiaouimquinonenirt
523 769 694 828 insatiabiles
705 771 882 845 odinatarque

80 860 241 917 mergorum
254 844 380 916 pisoibus
393 845 551 919 tivantium
563 862 671 917 semper
680 846 810 917 prodesse
820 855 882 919 pot-

80 927 137 974 est.
173 921 244 976 Nam
261 919 382 990 quaein
400 934 501 990 eorpus
520 919 705 990 recipiuntur,
727 937 759 976 ea
773 930 833 977 tum
846 923 882 978 ob

80 1010 214 1050 nauseam
224 1002 283 1050 tum
290 994 327 1049 ob
337 993 547 1050 dissolutionem
557 993 749 1065 cupiditatum,
761 996 828 1058 ¹licet
836 997 881 1050 iu·

78 1067 267 1134 satiabilium.
276 1069 430 1126 innumeris
439 1067 583 1124 fastidium
593 1075 619 1124 at
628 1067 751 1141 fatigatio
761 1069 877 1142 suhit*);

78 1142 159 1216 quod
168 1152 259 1202 autam
268 1161 318 1215 per
327 1146 416 1202 adrem
431 1143 594 1200 alimentum
608 1151 663 1207 ost,
682 1150 739 1196 tam
752 1143 878 1216 vigilam,

77 1235 168 1290 quam
177 1217 359 1277 dormientem
367 1219 493 1289 sequitur
503 1217 607 1274 donum
617 1225 739 1282 naturae,
751 1219 880 1274 continuo

79 1313 98 1349 a
112 1294 255 1349 iuventute
269 1310 359 1364 uaque
377 1293 539 1349 adsanium
558 1300 691 1363 perpetuo
710 1308 877 1350 connexum:

77 1375 249 1500 quaproffiter
261 1368 292 1427 ai
306 1367 506 1440 aliquantisper
523 1374 726 1438 corrumpatur,
747 1367 881 1439 postilen-

76 1445 150 1500 dom
165 1459 184 1498 a
213 1443 262 1499 eit.
842 1481 844 1488 ,

139 1553 182 1607 68.
204 1526 447 1624 Nullateuusergo
460 1568 510 1605 voa
523 1558 585 1623 post
594 1559 633 1605 tot
642 1559 668 1606 et
677 1558 751 1605 tanta
761 1554 880 1623 quesita

75 1626 162 1681 utilia
173 1633 250 1691 sunt,
267 1612 390 1680 alliciant
399 1626 432 1680 ad
443 1627 529 1697 impie
539 1624 714 1681 sentiendum
722 1626 758 1691 ii,
779 1627 828 1701 qui
840 1627 880 1682 le-

75 1702 195 1757 uitatem
213 1718 292 1757 suam
306 1709 484 1772 praesumunt
499 1702 529 1755 in
544 1700 717 1756 divinitatem
731 1698 821 1777 ipsam
836 1719 880 1757 re-

74 1784 222 1846 torquere,
252 1788 321 1847 quoe
340 1775 480 1846 oportebat
501 1776 573 1830 inter
592 1776 759 1832 immortales
778 1785 880 1833 morta-

76 1852 178 1921 lesque
195 1851 396 1922 oppositionem
409 1858 482 1905 nerto
496 1850 577 1905 modo
591 1865 767 1925 noguoacsre;
799 1868 879 1907 omna

76 1926 170 1989 enim,
190 1925 385 1996 quodcumque
397 1942 646 1996 supervacaneum,
668 1928 826 1983 inconstans
835 1942 879 1981 er-

76 2010 251 2071 roseumque
262 2008 312 2063 eet,
325 2017 340 2054 a
350 2000 425 2055 eaelo
435 1999 516 2073 longe
526 1992 673 2073 expulsum
685 2008 726 2057 est
735 2010 762 2057 ot
772 2002 801 2057 in
810 2000 879 2057 sub-

78 2076 174 2130 lunari
183 2084 350 2147 pervagatur
358 2075 457 2146 spatio.

138 2201 181 2253 69.
201 2199 396 2255 dasxasnsa.
420 2199 558 2264 benaein,
574 2200 682 2270 inquis,
698 2197 826 2253 detrusam
836 2207 878 2254 ast

75 2272 381 2346 erroretsuperlluum.
409 2275 527 2332 Ubinam
538 2282 628 2329 tamen
638 2273 796 2345 plusquam
806 2272 877 2345 inibi

75 2348 224 2406 evidenter
233 2348 324 2420 patat‘l
351 2351 465 2406 Tantam
475 2348 662 2405 extensionem
672 2346 813 2401 stellarum
823 2348 878 2401 mi-

74 2425 157 2479 nime
166 2425 343 2480 erraticorum
352 2421 518 2483 nonvides‘l
545 2430 660 2493 putasne
675 2419 738 2478 illae
752 2419 877 2478 ordinem

74 2514 250 2571 quemquam
269 2498 419 2557 exhihere?
437 2499 556 2559 ‚Fienine
574 2495 673 2569 poterit
691 2493 757 2551 ordo
775 2494 804 2550 iu
823 2496 878 2551 im·

131 2637 153 2685 1)
169 2637 241 2677 Verba
253 2640 344 2693 obpoura
356 2640 388 2678 oto
400 2648 424 2677 aa
436 2614 527 2677 habant:
553 2637 625 2685 quitus
639 2636 677 2675 etri
689 2610 797 2683 nenton)
813 2638 876 2675 sotu-

76 2694 125 2735 ω,
137 2691 404 2741 maestissima
417 2689 488 2735 labor,
502 2691 522 2728 ct
534 2688 683 2737 metuuntur·
708 2686 789 2727 Aaou.
