2050 3100
59 151 149 224 [nna]
212 162 684 211 incensarusnnnorv..
795 156 866 209 97·

57 269 132 316 minam
144 273 192 332 (ta,
203 270 245 330 13)
259 272 335 320 uotat
349 264 440 318 scelus
453 263 566 317 solitum
582 263 655 334 apud
668 262 827 317 immundos

56 336 192 393 libidinosos
202 341 262 411 ipsa
273 341 364 393 maius
374 338 534 409 iniquitate;
556 342 609 392 non
623 338 699 392 enim
711 339 828 409 opinan-

55 419 88 465 tur
93 412 234 484 praesidem
245 423 329 486 atque
339 414 488 468 invisorem
499 414 632 467 exsistere
645 413 828 468 humanarum

55 503 243 561 reron·‚·neque
258 489 421 545 existimant
438 487 472 541 ad
486 505 568 541 suum
587 487 719 559 placitum
734 492 829 560 provi-

54 559 150 616 dentiam
163 565 268 638 esse*);
294 571 323 620 et
337 563 409 619 nihil
419 562 500 622 ,aliud
515 571 674 634 operantur,
696 565 751 619 nisi
763 580 829 619 con-
882 630 885 635 ¹

53 637 116 689 traria
125 638 156 691 ab
166 656 195 693 eo
206 639 299 704 dietis,
316 640 356 693 ita
366 646 397 693 ut
406 638 604 710 repugnantiae
614 638 736 710 profecto
746 657 828 695 voces

54 711 154 767 emittant
171 723 263 769 contra
285 721 395 786 patrem
419 714 617 784 veritatemque
641 714 711 768 eius.
755 714 829 769 Illud

53 793 122 839 autem
133 793 198 843 mint
210 808 270 853 nos,
291 799 323 843 at
332 792 475 852 ἀθέεαηιιιε,
497 790 619 860 assignat
634 788 722 861 legem
736 788 830 861 philo-

53 858 181 931 sophicam3
196 865 316 918 virtutes
327 864 402 917 enim
412 879 462 934 per
471 879 501 917 se
513 864 606 934 ipsum
619 872 747 934 praestat,
763 881 830 919 con-

52 936 128 990 trarias
140 954 201 993 vero
213 954 264 1011 per
279 939 432 993 ministros.
477 936 547 992 Sunt
562 946 653 993 autem
670 940 739 995 istae
753 940 828 1013 leges

53 1016 153 1077 naturae,
173 1030 241 1084 quas
251 1031 289 1069 ex
297 1013 438 1085 principio
448 1011 598 1069 destinarit
608 1030 662 1067 una
676 1030 739 1068 cum
753 1032 829 1071 crea·

53 1081 223 1143 tioneentium.
263 1090 369 1145 Verum
379 1088 445 1141 iusti
459 1087 558 1142 iudicii
573 1086 699 1142 decorem
715 1090 829 1144 aricienb

52 1156 94 1210 tius
105 1162 238 1229 patefacit,
262 1165 294 1218 in
310 1170 384 1223 tanta
399 1164 573 1234 corruptione
587 1179 672 1216 unam
687 1164 829 1234 excipiens

53 1228 175 1303 familiam,
186 1248 257 1310 quae
268 1237 391 1293 habebat
400 1238 512 1299 virtutis
523 1236 659 1291 scintillas
671 1254 702 1308 ac
713 1240 827 1303 semina,

53 1312 173 1381 peregrina
187 1313 258 1369 facta
272 1332 289 1368 a
304 1313 536 1384 concupiscentiis
551 1311 722 1383 morbisque.
763 1312 831 1368 Cae-

53 1386 123 1437 terum
134 1404 183 1441 non
203 1389 241 1443 ad
257 1405 369 1453 casum,
390 1386 441 1442 sed
459 1386 621 1442 naturaliter
639 1388 773 1459 scriptum
791 1386 827 1464 [*]

54 1463 95 1509 eat:
110 1467 231 1525 metimus
241 1468 307 1519 hoec
318 1466 388 1530 loco;
408 1464 539 1534 quoniam
552 1470 657 1533 oportet
671 1480 725 1519 uon
739 1464 829 1519 solum
911 1464 912 1467 ’

55 1544 165 1590 venenosa
182 1540 334 1594 animantia
352 1538 491 1604 occidere,
518 1540 715 1594 verumetiam
735 1538 829 1597 foveas

54 1618 129 1689 torum
145 1611 297 1679 destruere,
325 1614 477 1685 inquibus
497 1612 598 1673 accidit
616 1631 726 1670 manere
745 1617 830 1687 quid·

53 1692 124 1746 ΡΜ,
142 1689 212 1757 quod
224 1708 281 1746 non
296 1689 332 1744 sit
347 1687 532 1760 deperditum.
571 1689 641 1743 Huic
658 1691 788 1746 similiter
803 1700 830 1745 et

54 1767 121 1823 super
133 1763 245 1819 animam
261 1762 526 1820 accommodandum
540 1771 582 1818 est
599 1762 672 1827 fieri,
694 1782 749 1819 nou
768 1774 830 1820 tan·
944 1837 947 1839 ,

55 1831 103 1881 ΜΠ]
115 1848 217 1895 examen
231 1836 473 1909 concupiscentiae
487 1846 533 1896 aut
547 1838 706 1894 iracundiae
722 1839 829 1896 auferre
896 1883 898 1886 .

56 1915 80 1954 oc
98 1903 246 1979 deperdere,
279 1913 433 1968 sedetiam
452 1921 540 1968 totum
560 1912 662 1980 locum,
695 1914 744 1969 ubi
764 1916 829 1982 illae

56 1972 151 2050 latuere,
181 1996 275 2061 utpote
301 1987 407 2060 plateas
435 1996 461 2042 et
488 2005 598 2042 securas
625 1989 686 2043 vias
715 1990 841 2060 habebit

57 2053 156 2135 opimus,
182 2065 257 2129 nulia
278 2081 308 2118 re
327 2061 480 2127 offendente
500 2063 585 2135 pedes
605 2063 665 2118 eius
686 2064 721 2120 ad
740 2066 830 2138 impe·

57 2118 163 2189 drendam
171 2138 373 2197 rectitudinem.

60 2291 123 2348 (dum
133 2305 195 2372 dicit,
213 2311 339 2361 nundame
350 2279 412 2373 Lot,
432 2303 575 2366 etmcnitum
585 2311 701 2362 demeret
711 2313 743 2362 ab
757 2328 829 2376 anpe-

142 2373 177 2436 tis,
195 2378 267 2428 vanum
277 2395 326 2428 ease
334 2378 587 2445 peccisauisladeret
605 2384 658 2444 (19,
672 2381 723 2440 14.)

101 2485 136 2539 ⁴3·
170 2491 342 2569 Quicumque
372 2498 402 2560 in
434 2496 603 2551 abundantia
633 2487 830 2550 immensarum

61 2587 241 2624 χ--ι

62 2655 143 2747 mg:
153 2674 223 2758 m
229 2672 317 2717 mm,
336 2671 392 2719 quoa
403 2670 539 2719 ermenoara
552 2670 579 2707 se
593 2667 648 2712 ratas,
662 2665 698 2712 que
714 2659 832 2703 ecetram

87 2751 181 2816 Pario
199 2769 257 2820 vlt.
602 2765 626 2812 G
