2050 3100
51 198 90 273 [ll,
102 198 162 274 3119]
225 208 266 253 ΙΝ
287 207 466 253 GENESIN.
487 208 615 253 SERllIO
635 209 678 255 lv,
809 204 857 256 li'5

7 328 9 353 a
49 308 196 364 minabile:
221 308 336 380 quando
346 325 412 363 vero
422 308 539 363 interius
548 308 663 374 habitet,
679 310 799 365 animam
810 309 856 364 dei

50 385 269 439 amantissimam
280 384 351 438 inse
362 384 458 448 vertit,
474 384 586 439 obtenta
599 387 755 454 sanctitate,
776 386 857 456 puri-

49 467 101 514 tate
114 468 141 513 et
154 459 283 513 illibatae
304 458 378 512 vitae
397 460 581 529 possessione.
620 458 804 531 Quapropter,
826 468 858 514 ut

49 552 119 599 reor,
142 542 171 588 et
185 542 314 588 sanctum
327 532 400 587 illud
418 525 626 589 tabernaculum
645 534 731 590 lactor
750 536 811 589 eius
830 544 857 589 et

49 609 176 664 conditor
186 608 361 680 duplicatum
372 606 451 673 lecit,
466 608 529 664 velo
539 608 715 682 distinguens
726 610 855 665 interiora

50 686 257 755 exterioraque,
290 684 399 739 interna
419 682 542 739 vocando
563 683 662 740 Sancta
681 684 853 749 Sanctorum,

7 774 8 787 ¹
51 769 163 815 externa
182 775 250 813 vero
269 765 379 813 tantum
392 758 501 815 Sancta.
541 760 613 814 llaec
629 768 722 815 tamen
736 760 855 815 totaliter

50 834 212 907 spirituales
228 841 254 889 et
267 832 462 906 intelligibiles
480 834 602 905 species,
638 835 744 907 duplex
763 843 855 889 autem

50 910 185 981 spelunca
194 908 434 981 participationem
448 908 532 964 babet
545 910 681 981 corporis,
703 911 755 965 etsi
770 910 854 964 nimis

50 986 162 1058 propria
173 983 314 1056 possessio
323 984 361 1039 sit
372 984 482 1040 consilii
493 984 577 1041 deum
586 985 740 1058 diligentis.

86 1144 135 1195 Cer
151 1143 293 1193 Abrabamo
310 1142 386 1193 eodem
402 1130 537 1207 spelamam
550 1144 644 1208 petenti
658 1141 761 1206 Ephron
778 1108 828 1190 dan=

232 1228 308 1276 cupra
326 1228 410 1275 aprum
427 1216 535 1275 quoquot
552 1214 605 1276 (23,
624 1210 677 1273 ll.)

105 1318 150 1369 8t.
172 1313 217 1369 Ad
227 1313 346 1369 litteram
358 1292 459 1369 dixerit
472 1314 628 1385 quispiam,
650 1310 725 1381 quod
740 1310 855 1363 miratus

50 1391 193 1445 bominem
202 1390 424 1461 sapientiamque
435 1389 509 1453 eius,
522 1406 577 1461 qua
589 1386 718 1442 cernebat
728 1402 792 1439 eum
801 1386 852 1448 uti,

51 1468 168 1539 gratiam
189 1465 338 1519 arbitratus
357 1472 399 1519 est
416 1472 541 1536 oportere
560 1465 686 1535 impense
701 1460 852 1516 abundare.
937 1489 941 1498 =

51 1542 93 1598 Ad
102 1548 225 1598 mentem
235 1557 301 1596 vero
311 1548 390 1613 putet
400 1540 462 1604 ille,
484 1538 560 1612 quod
569 1545 675 1612 oportet
683 1556 781 1612 agrum
791 1555 854 1592 cum

51 1619 153 1674 virtute
172 1616 298 1688 praedito
318 1617 486 1690 coniungere
505 1615 671 1689 symbolice,
702 1622 734 1669 ut
755 1613 855 1668 babeat

52 1711 152 1766 corpus
170 1691 327 1747 necessaria
345 1691 482 1764 voluptati
496 1691 645 1747 servientia
660 1689 753 1744 debito
768 1706 855 1761 appa-

52 1777 122 1824 ratu.
170 1769 225 1822 iste
244 1782 309 1822 vero
328 1783 383 1823 non
406 1774 489 1839 negat
512 1765 548 1820 ob
572 1765 715 1821 liberalem
738 1781 852 1827 morem,

53 1845 157 1917 quippe
176 1844 226 1915 qui
246 1842 348 1915 plenus
367 1842 417 1906 eit,
443 1841 493 1896 sed
511 1839 656 1895 manifeste
677 1839 758 1902 dicit,
779 1837 854 1909 quod

55 1918 181 1984 „Omnes
201 1918 345 1973 thesauros
362 1917 569 1990 possessionum
588 1931 712 1970 mearum
732 1913 803 1968 dabo
828 1921 855 1968 et

53 2011 161 2050 omnem
174 1990 210 2069 [*]
224 1992 298 2064 apud
309 1992 436 2047 homines
446 1992 587 2065 vigentem
596 1991 728 2046 bonorem
741 1997 768 2044 et
777 1997 855 2060 pote-

54 2080 164 2134 statem,
185 2085 276 2140 neque
291 2067 326 2121 ab
337 2066 394 2122 ullo
406 2066 469 2122 lalsi
479 2067 600 2122 nominis
610 2066 744 2120 bonorum
755 2064 855 2134 depre-

54 2145 170 2210 hendar,
192 2143 242 2198 sed
256 2141 292 2197 ad
306 2141 376 2212 quid
391 2157 509 2213 aequum
524 2144 562 2196 sit
575 2157 713 2212 usurpans
732 2139 852 2210 singula,

55 2221 159 2275 cunctis
174 2217 333 2273 monstrabo
347 2234 422 2282 eam,
442 2233 513 2289 quae
526 2217 584 2273 illis
595 2215 723 2272 omnibus
733 2214 800 2267 insit
810 2213 855 2268 vis

56 2295 245 2350 necessaria.“

61 2434 136 2494 (baare
154 2445 283 2500 conquam
295 2399 464 2499 ‘acquireretur
486 2434 627 2498 sepulcrm,
658 2428 772 2494 spebtnca
793 2427 856 2475 dict·

120 2505 190 2553 batur
210 2504 279 2566 „sub
298 2505 381 2568 ayro“
400 2518 461 2565 esse,
490 2510 584 2566 etpost
603 2496 780 2562 acquistionem
801 2494 857 2556 apri

118 2571 181 2620 intus
198 2571 249 2634 „ia
266 2569 317 2634 ipso
336 2572 438 2635 apro‘d
454 2574 508 2633 (23,
529 2575 553 2618 9.
576 2571 614 2617 17.
637 2563 689 2626 19.)

111 2676 153 2728 tt.
174 2672 267 2727 Nimis
277 2671 436 2726 naturaliter
446 2672 557 2732 asserit,
572 2664 647 2738 quod
658 2675 772 2729 corpus,
787 2675 857 2713 non-

61 2746 123 2802 dum
137 2746 319 2820 subiugatum
333 2748 433 2811 menti,
455 2745 611 2801 subiectum
626 2744 668 2792 est
681 2733 787 2786 alienae
806 2749 858 2801 po-
