2050 3100
162 234 212 288 ιιι
406 236 527 283 ramo
543 235 712 283 ronanus
849 230 893 297 [n,
907 229 969 295 aaa]

164 340 199 396 ad
212 337 402 411 spectaculum
416 337 579 401 inevitabile
592 335 744 391 videndum
760 337 888 391 invenire
905 346 969 391 stu-

162 415 254 471 debat.
294 412 379 467 Sedes
389 413 481 467 eratei
490 412 544 467 sub
553 411 664 474 umbra,
679 428 761 481 quam
773 428 809 465 cx
818 412 968 466 cucurbita

161 491 232 546 rami
242 487 462 551 circumdabant,
477 486 670 541 umbraculum
680 486 814 557 optimum
824 487 911 557 eique
922 488 967 540 iu-

162 564 376 620 cundissimum.
401 562 471 615 llum
481 578 547 635 ergo
557 564 586 615 in
597 560 720 616 favillam
731 560 873 632 lapsuram
883 561 966 616 vide-

161 658 191 695 re
202 639 341 693 civitatem
352 636 541 707 exspectabat,
557 643 709 691 coronatam
720 635 860 691 cernebat.
893 636 966 690 llinc

162 717 213 770 vix
221 712 431 769 commutatione
439 711 560 782 quadam
569 712 643 765 vitae
654 710 737 774 facta,
753 726 824 783 quae
838 710 963 767 laetifera

162 797 235 845 esset
248 786 411 859 prophetae,
430 786 563 841 Ninivitis
578 785 667 849 affuit,
688 794 809 839 moestus
824 794 920 856 autem
935 802 964 839 ac

57 878 62 891 “
161 864 250 920 tristis
263 862 449 917 Ninivitarum
463 868 550 915 status
565 860 594 915 in
607 860 768 933 prophetam
786 877 887 915 versus
907 868 960 925 est,

162 938 293 1011 quoniam
302 954 356 991 non
367 934 434 991 adeo
444 935 590 990 eumsalus
601 936 722 990 civitatis
733 935 835 989 laetum
847 934 961 990 reddere

163 1014 273 1086 quibat,
303 1020 436 1084 quantum
455 1010 668 1081 praedicationis
688 1026 753 1064 suae
764 1078 766 1083 ,
778 1010 960 1065 inconstantia

161 1105 276 1163 gravem
285 1086 406 1142 dolorem
416 1085 537 1141 induxit.

219 1218 263 1271 tl.
282 1212 530 1284 Aspicienaitaque
541 1218 568 1265 et
577 1210 677 1281 videns
687 1211 826 1265 Ninivitas
835 1210 960 1265 choream

163 1286 682 1361 ducereetsymphoniamcanticorum
699 1282 735 1359 [*]
753 1284 885 1349 audiens,
904 1302 960 1339 ma-

163 1383 231 1422 num
241 1381 324 1419 manu
334 1362 427 1434 pulsat
439 1370 467 1416 et
480 1360 705 1417 lacrimabundus
721 1360 804 1415 dicit:
824 1360 882 1415 Hoc
894 1370 957 1421 erat,

161 1447 274 1512 propter
282 1438 357 1510 quod
365 1454 416 1510 ego
427 1435 583 1511 fugiebam,
603 1452 657 1490 non
670 1442 702 1491 ut
715 1436 808 1491 omnia
819 1434 959 1491 videntem

162 1515 274 1571 oculum
289 1513 434 1577 evitarem,
450 1510 502 1569 aed
517 1520 550 1567 ut
561 1528 638 1567 meae
651 1510 739 1567 lamae
750 1510 881 1566 bonorem
891 1511 959 1566 inte-
1006 1561 1007 1582 ,

163 1606 244 1661 grum
258 1605 370 1643 servare
383 1587 573 1652 decernerem,
588 1587 655 1642 satis
672 1603 802 1650 noscens,
819 1585 896 1657 qnod
908 1601 958 1640 non

163 1663 199 1719 ad
212 1662 421 1734 deperdendum
433 1663 575 1718 indicebat
587 1663 752 1718 sententiam
769 1661 880 1726 mortis,
910 1678 957 1715 ne-

163 1755 219 1810 que
229 1736 342 1791 firmiter
351 1737 508 1793 minabatur
518 1739 558 1803 is,
572 1739 623 1810 qui
632 1737 740 1792 ruinam
750 1735 863 1791 reficere
872 1738 959 1792 inten-

163 1812 255 1868 debat.
295 1810 424 1865 Sciebam
437 1811 510 1877 illis,
529 1815 579 1884 qui
594 1811 789 1884 precabantur,
809 1811 958 1866 adessedei

163 1886 429 1949 reconciliationem,
450 1887 499 1942 vix
513 1887 634 1942 laturum
649 1889 775 1944 lacrimas
788 1887 857 1942 istas
871 1903 958 1958 neque

163 1963 357 2034 despectorum
367 1959 531 2016 afflictorum
542 1962 662 2028 animos,
674 1963 755 2018 illum
765 1963 814 2032 qui
824 1970 958 2016 transmu-

163 2047 203 2094 tat
218 2037 347 2092 vultuum
361 2037 502 2092 tristitiam
516 2046 543 2093 et
557 2037 692 2092 condonat
708 2036 838 2109 precibus
850 2046 957 2092 senten-

162 2115 230 2169 tiam
239 2112 345 2167 mortis.

219 2241 262 2296 42.
281 2237 440 2312 Egoeutem
450 2235 544 2310 lugam
554 2236 630 2310 cepi,
646 2245 677 2292 ut
689 2253 743 2291 non
753 2234 842 2290 solum
852 2235 881 2289 in
891 2243 956 2290 terra

164 2313 210 2371 dei
220 2314 428 2386 benignitatem,
441 2309 490 2368 sed
500 2313 582 2368 etiam
592 2313 620 2366 in
631 2311 701 2366 meri
711 2312 842 2365 virtutem
850 2310 957 2380 praedi-

164 2407 238 2446 cem:
262 2387 400 2460 quomodo
417 2405 516 2458 nempe
534 2394 675 2458 tamquam
693 2402 776 2440 curru
793 2384 917 2440 residens
930 2385 956 2438 in

163 2473 259 2519 venue
272 2463 345 2536 (ceti)
357 2463 484 2535 portabar
495 2471 522 2516 et
530 2457 667 2533 quomodo
676 2461 823 2515 inimicum
831 2460 956 2513 interem-

162 2545 325 2609 ptoremque
338 2546 430 2592 omum
442 2535 587 2591 custodem·
599 2536 719 2606 nemoris
738 2536 794 2590 mei
813 2523 953 2596 habebam,
1006 2557 1007 2604 p

163 2618 191 2664 et
202 2611 340 2681 quomodo
353 2618 429 2666 tutus
438 2611 658 2682 spectatorinter
666 2610 790 2680 pericula
800 2609 898 2664 sedens
907 2624 956 2680 gu·

163 2682 290 2739 bernator
299 2686 353 2750 ceti
363 2684 477 2747 fuerim,
487 2685 530 2738 ita
539 2691 583 2747 ut,
598 2700 659 2738 mea
669 2686 819 2748 sententia,
832 2690 955 2737 certass-
1006 2693 1007 2742 ξ

164 2770 199 2807 ne
212 2758 402 2829 constantique
415 2758 558 2813 oculorum
572 2758 816 2830 comprehensione
836 2755 953 2814 viderem
1006 2759 1007 2840 l
