2050 3100
63 305 180 374 [n,4eo.]
250 311 291 356 m
311 311 696 360 senscrusnnnow.
821 303 869 360 277

64 413 150 468 nituit
167 427 233 466 eum
242 439 281 452 -
290 411 363 467 vixit
376 413 451 467 enim
466 411 581 484 posthac
595 412 716 484 amplius
726 430 811 485 quam
822 433 871 470 an-

63 505 114 542 nos
128 487 335 559 quinquaginta
349 517 400 552 -,
421 487 470 541 sed
483 494 642 559 propterea,
663 496 695 543 ut
714 489 871 545 ineruditus

63 561 234 634 resipiscens
245 561 349 616 bonum
359 561 556 635 aggrederetur
565 563 713 618 consilium
722 573 748 618 et
753 566 783 620 in
788 581 871 620 usum

62 636 165 692 utilem
184 643 303 693 verteret
323 635 500 710 contrarie*).
540 635 620 702 Quod
637 647 729 693 eutem
746 640 771 694 is
786 657 872 711 appe-

62 712 184 768 rentium
204 710 353 783 quemdem
371 729 437 785 pree
453 727 483 766 se
498 710 604 767 ferebat
616 714 765 784 sepientis,
787 714 872 770 fidem
948 735 957 744 ·

63 786 132 843 iacit
146 785 307 842 evidentem
320 787 407 853 illud,
427 785 504 860 quod
518 787 686 858 exposcebat
699 789 872 846 benedictio·

63 879 139 927 nem,
154 877 210 916 non
221 878 287 916 sane
298 863 333 918 ab
343 864 446 937 exiguo
455 861 583 934 quolibet
593 861 713 929 homine,
726 864 777 920 sed
786 883 802 920 a
811 867 872 921 viro

63 937 151 994 deum
169 936 371 1008 amentissim03
404 946 487 1009 utque
502 936 589 1000 scire,
610 938 686 1010 quod
699 938 872 997 benedictio-

63 1030 133 1068 num
144 1010 291 1067 abundans
302 1021 344 1069 est
353 1015 446 1085 copie,
462 1009 657 1084 ipsodicente:
689 1015 759 1070 Nom
772 1033 826 1070 uno
835 1027 872 1072 cst

63 1093 112 1143 tibi
126 1089 282 1151 benedictio,
298 1087 394 1158 puter?
422 1087 870 1162 Vidcnsitaquesollerssepiens,

62 1161 141 1236 qnod
156 1178 193 1216 ex
207 1163 314 1219 cunctis
329 1164 391 1221 istis
401 1162 532 1219 indoctus
542 1162 590 1218 ille
600 1161 672 1218 nihil
682 1161 739 1219 fere
750 1165 872 1236 concipit

115 1329 138 1386 Ἰ)
152 1348 170 1378 s.
186 1339 278 1378 fortusse
291 1337 368 1378 melios
382 1339 422 1377 iter
446 1341 571 1388 propterea,
590 1321 647 1388 cuod
662 1337 778 1376 tmmottur
794 1337 872 1376 neom

61 1389 224 1431 mereamor»
238 1389 348 1438 tonorum,
362 1389 480 1438 mutuabat
492 1389 608 1430 comario.
634 1385 715 1427 Anch.

64 1718 349 1791 ctum-supervixit
356 1720 431 1773 enim
442 1718 553 1773 nnnisL
564 1747 610 1781 —,
622 1716 673 1772 sed
682 1718 797 1773 stimulo
806 1718 871 1789 qui-

63 1797 131 1851 dem
145 1794 286 1867 pulsatus,
306 1793 382 1865 quod
396 1802 452 1849 tam
466 1793 653 1848 inertissimus
666 1794 744 1849 novit
752 1794 872 1864 optime·

63 1888 129 1927 rum
148 1886 242 1925 rerum
259 1870 370 1933 merite,
395 1870 483 1924 utitur
500 1876 592 1923 nuum
609 1868 668 1922 illis
685 1869 715 1921 in
734 1867 870 1923 adversis.

64 1944 147 2013 Quod
162 1954 253 1999 eutem
264 1945 436 2017 praestigiati
451 1945 537 1999 sumit
547 1942 707 2008 meliorum,
729 1943 872 2015 probatam

65 2020 153 2076 fidem
168 2020 306 2091 exploret,
328 2017 503 2091 exposcendo
518 2018 659 2089 optibilia,
686 2035 740 2073 non
755 2018 873 2090 equoli-

65 2097 129 2160 bet,
145 2094 195 2151 sed
206 2112 221 2149 a
231 2111 297 2150 vero
306 2092 420 2149 amabili
431 2093 492 2149 deo.
533 2092 592 2148 Scit
601 2094 672 2148 bene
681 2109 756 2148 nunc
767 2093 873 2150 adven-

65 2170 178 2229 tibilem
196 2186 257 2225 esse
275 2168 451 2232 thesaurum,
483 2166 615 2223 dicendo:
642 2169 712 2224 Nom
732 2158 873 2224 benedictii>

65 2262 121 2301 uno
131 2248 240 2309 esttibi,
259 2242 355 2312 pater?
374 2241 508 2299 Intuendo
524 2259 589 2315 ergo
603 2251 732 2299 strenuus
742 2242 873 2298 indutum

66 2319 163 2391 (maru.
179 2317 336 2393 inductum)
353 2318 529 2374 haecomnia
545 2326 771 2389 prosequentem,
797 2326 824 2372 et
842 2317 872 2371 in

66 2394 146 2450 nullo
155 2393 367 2465 prudentiarum
377 2393 595 2465 conspirantem,
616 2393 756 2449 saucietur
765 2409 821 2447 non
832 2391 873 2446 le-

68 2470 139 2525 viter
149 2486 200 2541 pro
210 2477 361 2540 spontaneo
370 2470 432 2524 eius
442 2466 641 2539 imprudentia.
673 2465 741 2542 [Ego
751 2482 795 2521 mc
806 2482 873 2520 mn-

68 2544 145 2599 iitoor
156 2544 259 2616 legisse
268 2544 298 2599 in
307 2544 430 2600 Hebraeo
440 2544 679 2615 compunctionem
690 2549 718 2596 et
727 2540 873 2595 taciturni-

67 2628 152 2675 tatem
179 2617 281 2674 iisdem
292 2619 380 2675 literis
390 2617 570 2675 declaratam:
592 2626 619 2673 et
631 2614 709 2672 eliud
719 2612 874 2669 incredibi-

67 2694 94 2749 le
104 2694 135 2749 in
145 2693 287 2765 psalmone
296 2694 404 2750 LXIIII.
420 2692 583 2749 Nouhnbet:
595 2692 648 2747 tibi
657 2690 731 2744 dicet
740 2688 871 2762 hymnus,

68 2768 118 2824 sed
128 2768 182 2823 tibi
193 2769 257 2823 silet
265 2768 387 2842 hymnus
396 2767 466 2824 deus
476 2768 506 2821 in
521 2767 598 2821 Sion.
631 2766 667 2820 Bt
679 2761 756 2818 aliud
771 2762 873 2818 mirum

69 2860 124 2899 non
134 2852 177 2898 est
187 2842 293 2899 dictum
307 2844 360 2901 soli
373 2850 459 2908 sture,
479 2841 530 2897 sed
542 2849 632 2896 tucere
658 2835 759 2893 iisdem
770 2836 874 2910 espici-
