2050 3100
162 159 212 213 too
390 162 577 210 rnrnorus
600 162 740 211 runnnr
775 178 779 187 ·
850 157 969 225 [11,sss,]

163 264 266 334 aliquis
279 263 519 327 animadverterit,
545 262 693 320 mirabitur
711 262 849 318 iustorum
868 264 970 319 miram

128 400 131 403 ,
164 341 340 401 varietatem,
360 338 437 409 quod
450 340 557 409 qnippe
571 338 675 410 oppido
688 354 819 410 magnum
830 346 872 393 est
882 339 971 394 intei-
1008 398 1011 405 ,

162 413 268 471 vallum
281 414 354 467 inter
366 414 487 468 minores
492 412 519 485 *l
534 422 562 469 at
575 413 695 469 medios:
717 418 800 484 atque
814 414 887 468 inter
900 414 969 471 istos

162 498 189 545 et
198 488 364 543 novissimos
374 489 472 543 iustos.
512 487 570 544 Cur
585 488 659 543 enim
670 486 810 543 Abraham
820 496 969 559 antequam

162 570 304 633 acceperat
315 563 572 633 repromissionem,
596 562 732 617 invitabat
746 562 860 635 angelos
876 564 903 617 in
919 581 969 635 pa-

162 654 239 701 nem,
261 637 361 691 llanuc
378 654 444 691 vero
458 644 522 710 post
534 636 738 709 receptionem?
759 635 895 704 Quoniam
910 640 969 695 bla-

163 730 218 767 nuo
233 712 388 782 praemium
401 728 451 782 pro
464 712 536 767 dono
546 710 704 783 praestabat
712 712 875 767 convivium
886 720 968 785 atque

161 789 283 859 primum
294 787 443 856 accipiens,
459 785 592 842 reddebat
602 788 730 860 gratiam.
751 786 892 842 Abraham
902 804 967 843 vero

162 870 193 917 ut
202 861 452 917 manifestationem
464 861 661 934 hospitalitatis
667 860 822 934 apponebat
831 878 964 927 mensam,

162 945 189 991 et
198 936 321 1009 primum
331 937 400 991 dans
411 945 575 1009 accepturus
586 945 653 993 erat.
686 936 785 993 Datum
795 954 861 992 sane
873 938 967 992 ambo-

161 1029 223 1067 rum
234 1011 337 1068 bonum
350 1021 421 1076 erat,
443 1012 492 1067 sed
507 1020 562 1067 non
577 1012 721 1084 aequalem
735 1012 876 1069 habebant
885 1018 968 1067 'men-

161 1105 267 1156 suram;
288 1106 362 1143 nnus
372 1088 447 1142 enim
460 1096 572 1159 propter
582 1088 713 1162 gratiam,
735 1087 803 1141 alter
813 1094 905 1143 autem
919 1105 966 1160 pro

162 1181 238 1218 more
251 1163 421 1235 suscipiebat
436 1164 612 1235 peregrinos:
639 1180 725 1234 quare
739 1161 813 1237 apud
828 1162 967 1218 Abraham

150 1238 232 1294 ⁴intra
243 1238 452 1293 tabernaculum
463 1239 546 1292 etiam
557 1240 617 1292 eins
628 1237 749 1311 ingressi
760 1244 824 1292 sunt
835 1246 862 1292 et
873 1237 967 1292 cibum

161 1314 349 1373 manducandi
359 1314 519 1385 opinionem
530 1312 675 1368 dederunt.
705 1314 806 1368 Verum
817 1313 965 1384 quomodo,

163 1388 266 1443 dixerit
281 1388 398 1459 aliquis,
420 1389 445 1442 si
460 1388 504 1442 illi
513 1389 576 1443 sine
585 1388 740 1459 gustatione
752 1404 765 1441 a
777 1388 849 1442 cibis
861 1387 967 1443 disces·

162 1470 271 1527 serunt,
292 1464 428 1535 propositi
442 1462 499 1518 cibi
513 1464 669 1536 consumpti
680 1462 801 1517 luerint‘l
820 1461 890 1530 Quia
902 1464 965 1536 igne

161 1537 238 1609 pleni
253 1546 330 1592 erant
345 1538 451 1611 angeli,
473 1539 549 1611 ignis
563 1539 658 1610 specie
670 1555 866 1610 consumpsere
878 1538 964 1594 cibos.

221 1631 261 1682 ⁴5.
279 1628 453 1684 Praesentem
466 1647 532 1685 vero
542 1633 641 1688 Manue
652 1631 845 1686 invitationem
855 1647 965 1686 recusa-

161 1704 203 1757 vit
216 1701 366 1775 (angelus),
394 1704 610 1775 hospitalitatem
620 1705 674 1760 sibi
690 1705 845 1762 exhibitam
855 1705 907 1760 deo
919 1723 965 1760 ex·

161 1776 313 1830 bibendam
324 1775 362 1853 [*]
374 1777 431 1832 fore
440 1795 566 1834 monens.
587 1781 622 1835 Et
635 1780 683 1836 ille
693 1781 814 1836 admisso
825 1781 870 1835 dei
880 1782 965 1836 sacri-

161 1850 219 1905 ficii
229 1851 346 1914 monito,
368 1851 465 1906 volens
479 1855 600 1922 etsimul
611 1855 744 1912 honorare
755 1856 885 1928 angelum
897 1873 966 1927 quo·

161 1942 229 1996 que,
253 1926 322 1992 Quid
336 1935 386 1993 est,
412 1927 464 1993 ait,
486 1933 534 1984 tibi
547 1948 650 1994 atomon,
676 1941 705 1986 ut
718 1935 809 1986 saltem
823 1935 901 1986 buius
914 1949 965 1986 me-

160 2005 272 2054 moriam
291 2000 457 2057 recolamus?
483 2012 574 2074 (ludio.
587 2013 627 2072 13,
638 2011 691 2072 11.)
734 2005 769 2060 At
786 2003 836 2061 ille
856 2021 965 2060 rursum

161 2092 244 2129 suum
259 2075 390 2131 honorem
404 2077 439 2131 ad
453 2078 537 2133 deum
553 2078 674 2134 referens
690 2088 717 2135 et
730 2080 775 2136 dei
788 2080 966 2154 glorificatio·

161 2167 225 2203 nem
244 2151 300 2205 sibi
320 2151 416 2208 honori
435 2170 495 2208 esse
515 2153 665 2208 decernens
687 2155 740 2210 Cur
757 2160 863 2225 quoeris
876 2173 966 2210 nocem

160 2224 264 2279 meum?
292 2228 397 2298 inquit,
419 2233 548 2283 idaeum
561 2233 681 2284 mirabile
695 2239 731 2284 est
746 2233 904 2298 (iijsts).
945 2229 965 2285 0

161 2301 192 2354 in
203 2300 278 2355 caelo
293 2301 403 2357 divinas
418 2304 654 2368 conversationes,
676 2304 726 2358 ubi
737 2304 898 2378 angelorum
908 2307 966 2360 vir-

161 2383 251 2429 tutum
262 2375 428 2431 dominicam
440 2379 606 2449 sapientiam
616 2379 750 2450 propheta
761 2379 870 2434 edocet!

221 2470 260 2520 ⁴6.
282 2469 342 2523 Non
357 2467 442 2553 dixit,
469 2468 542 2524 illud
556 2469 675 2543 (nomen)
690 2461 806 2528 Michael
819 2488 894 2534 esse,
915 2488 965 2528 nec

211 2605 233 2650 ¹)
255 2606 395 2646 scribendum
408 2611 452 2647 esti
469 2609 563 2656 mmor,
584 2614 608 2648 ut
620 2613 722 2659 supponit
734 2613 769 2651 vel
782 2611 883 2660 intelligit
896 2609 963 2652 Glosa

162 2651 246 2741 gideon&
265 2683 278 2703 ‚,
284 2655 370 2740 Primus
382 2657 487 2705 Abram,
505 2659 654 2708 medinam,
668 2663 800 2703 novissimus
813 2663 892 2701 Manna
905 2663 963 2702 atc‘·
