2050 3100
56 113 178 179 [11‚3to.]
234 118 275 162 IN
294 116 473 162 GENESIN.
492 116 621 161 sERuto
640 117 682 163 IV.
816 112 863 164 187

92 299 130 365 [⁸]
152 297 236 355 (baare
252 312 335 347 monto
351 298 560 430 ωωᾷίῖτῗξὶόαὶ
572 298 682 363 ploratum
696 298 766 364 ped&
783 316 833 348 ma.

386 383 443 415 sorra
489 384 498 415 1
518 402 524 415 .

119 504 179 556 463.
207 498 343 566 Quoniam
360 516 510 573 generosus
531 502 640 556 animus
664 510 799 574 pugnator
822 512 863 557 est

60 584 246 646 certamque,
268 583 342 633 etex
356 575 755 646 uaturaparatusadmortcm‚
775 592 862 649 oppo-

60 669 130 706 nens
140 667 171 705 se
181 666 290 721 semper
301 650 502 721 cupiditatibus
509 662 562 705 nec
572 649 673 705 cedens
686 651 740 715 eis,
763 661 793 707 ut
807 654 863 707 eri-
914 652 920 661 '

60 735 172 799 gantur.
212 724 713 795 Namquetenerecruaiorti-tudiucm
723 727 862 797 quandam

60 818 170 855 morum
180 800 350 855 demonstrat
358 800 485 862 victoris,
507 801 557 869 qui
568 802 618 853 via
627 801 695 856 sinit
704 802 802 875 iugum
813 802 862 857 do-

60 885 178 931 trectare
196 884 223 930 ct
239 874 547 937 inbecillitatemue,
570 876 619 945 qui
633 877 750 946 capitur.
772 878 861 933 ¹liaeo
964 909 966 911 -

60 952 87 1005 si
97 954 162 1021 quis
172 967 227 1005 non
237 949 361 1014 auribus,
373 948 424 1004 sed
433 950 600 1022 cogitatione
607 959 635 1004 ct
646 949 787 1005 intellectu
797 968 861 1005 sus-

60 1026 160 1097 cipiat,
186 1024 292 1096 oppido
309 1041 424 1097 magnas
440 1025 559 1079 rationes
574 1025 691 1094 accipiet
705 1025 735 1077 iu
749 1025 862 1080 virtuti·

60 1102 126 1156 bus.
164 1100 257 1166 Quum
271 1099 346 1160 euim
359 1101 485 1170 superior
499 1108 603 1171 perstet
618 1116 696 1153 meua
706 1098 825 1169 gloriose
836 1108 862 1153 et

59 1174 241 1238 iocabunda,
257 1174 310 1229 sub
320 1173 555 1230 manurodactum
565 1174 648 1229 habet
658 1171 859 1227 adversarium:

60 1250 202 1322 cupiditas
211 1249 245 1322 (a.
257 1250 349 1320 passio
359 1267 383 1303 a.
395 1248 505 1320 vitium)
517 1266 582 1304 vero
593 1246 692 1302 clauda
703 1254 757 1311 cst,
774 1263 861 1318 quum

60 1325 194 1381 ceciderit
205 1324 336 1379 deorsum
350 1332 378 1379 et
391 1324 471 1377 humi
485 1332 568 1378 strata
583 1323 676 1378 tuerit.
715 1321 783 1388 Quis
797 1338 862 1395 ergo

60 1400 217 1455 censendus
232 1396 385 1472 (ncwr)*)‚
407 1400 462 1453 nisi
475 1399 574 1470 optimi
588 1398 691 1454 indolis
706 1396 862 1470 possessio?

112 1540 169 1589 ⁹)a.
184 1540 243 1587 Quae
255 1550 306 1589 ervo
318 1540 571 1584 morocoria.
596 1540 677 1582 Anah.

68 1677 863 1710 -ὴ-ι-ι--ᾑ--ῄ--ὲ

127 1838 221 1904 thuid
236 1855 319 1888 memo
334 1835 643 1954 recunffitnpprpienderct
664 1837 799 1887 calcaneum

345 1953 351 1960 ,
445 1921 507 1954 mas

118 2040 179 2096 463.
209 2037 346 2106 Quoniam
364 2039 506 2095 studiosus
525 2041 633 2096 animus
646 2049 766 2112 captator
781 2048 823 2094 est
837 2049 864 2093 et

59 2117 225 2171 naturaiiter
240 2122 383 2178 sumum,
403 2125 519 2187 semper·
526 2115 645 2170 arcendo
657 2117 760 2171 vitium
772 2123 799 2169 ct
809 2117 863 2168 mia

59 2193 139 2246 nima
152 2192 180 2245 ei
195 2189 332 2245 fiduciam
341 2191 539 2262 penitendo,
562 2205 595 2245 ue
610 2191 723 2262 quaudo
731 2191 861 2262 erigatur.

61 2268 168 2322 Tenere
186 2276 252 2338 ergo
271 2265 436 2320 ostensam.
450 2265 615 2322 fortissimae
632 2267 733 2321 nasutis
752 2273 807 2328 est,
838 2272 865 2318 et

59 2342 161 2412 optior
172 2339 314 2395 luctatoris
324 2347 379 2395 ron
390 2340 567 2395 adornandis
578 2338 862 2395 maluuarrcervart.

59 2415 142 2481 Quod
162 2431 229 2470 vero
247 2422 369 2479 tenctm,
390 2415 531 2470 infirmum
552 2423 603 2470 ost.
642 2416 716 2469 Haec
731 2414 825 2481 itaque
839 2412 864 2463 si

61 2491 128 2560 qrnia
137 2507 194 2544 nou
204 2489 344 2563 ruffina„
354 2489 404 2544 sed
413 2492 515 2546 mentis
524 2491 627 2549 iutuitu
637 2486 808 2546 recordetur,
821 2485 865 2538 in-

63 2566 157 2619 veniet
168 2563 313 2619 facultates
322 2565 434 2620 virtutis
445 2564 568 2620 idoneas.
603 2561 777 2617 Praesidente
791 2559 865 2610 enim

63 2640 157 2694 animo
177 2647 205 2694 ct
222 2639 399 2709 praevalente
416 2640 517 2694 vitium
536 2639 658 2691 vincitur
676 2634 703 2688 'et
718 2630 864 2693 claudicat,
