2050 3100
170 194 201 246 18
294 198 390 243 PHIL.
409 196 483 242 IUD.
503 195 667 254 Qutusn.
686 197 735 242 ΕΤ
760 197 837 242 SOL.
856 190 988 259 [11,221.]

169 295 364 369 lotionibus*);
398 297 499 351 etenim
517 298 567 367 qui
586 295 780 368 ingrediuntur
800 296 830 351 in
849 298 987 368 templo·

169 390 231 427 rum
241 373 322 435 atria,
343 388 393 442 per
403 371 558 426 ablutiones
568 378 596 425 et
605 371 777 441 aspersiones
788 370 981 427 mundantur.

172 444 208 521 [*]
221 446 350 519 Aegyptii
363 462 443 517 porro
456 454 483 501 et
496 454 583 501 totum
597 445 697 500 radunt
706 462 819 516 corpus,
840 445 972 500 auferen-

163 531 211 577 -tcs
222 521 295 592 pilos
303 529 426 593 tegentes
435 520 672 591 obscurantesqus
680 536 802 591 corpora,
814 527 846 575 ut
854 520 981 575 candidi

170 597 282 653 omnino
301 604 462 667 appareant:
494 612 592 651 verum
611 611 666 650 non
684 594 824 649 modicum
841 595 924 649 iuvat
939 595 980 649 sd

170 670 337 727 munditiam
346 670 429 742 pellis
439 670 628 733 circumcisio,
644 668 712 724 alias
722 668 881 724 abhorreret
890 671 979 739 quis-

170 763 268 817 quam,
284 744 395 816 quando
403 744 535 809 vidisset,
551 744 763 801 sicutinsaest.

226 819 342 886 Quarto,
363 819 419 875 duo
432 827 496 875 sunt
510 820 541 873 in
553 818 635 874 nobis
644 819 816 891 generativa,
837 818 978 873 inanima

172 904 198 950 et
215 896 245 950 in
265 910 391 966 corpore:
417 893 609 967 generativum
628 895 735 950 animas
754 892 920 956 intellectio,
946 902 977 947 et

172 970 294 1041 corporis
305 970 519 1025 instrumentum
528 984 700 1040 corporeum.
715 968 866 1025 Voluerunt
875 968 975 1038 itaque

172 1044 280 1116 antiqui
292 1043 326 1099 ad
337 1045 518 1099 imitationem
528 1043 737 1108 intellectionis,
749 1060 819 1114 quae
829 1042 919 1115 magis
930 1051 975 1096 est

172 1121 363 1193 generativum
377 1118 482 1185 cordis,
506 1117 609 1173 referre
622 1118 813 1190 generativum
831 1117 971 1187 corporis:

172 1205 200 1250 et
209 1212 304 1251 revera
315 1195 387 1251 nulli
397 1195 436 1251 ita
445 1194 567 1249 similius
577 1193 721 1265 reperitur,
730 1209 814 1264 quam
823 1187 974 1246 circumci-

173 1272 245 1325 sioni
256 1270 359 1329 cordis.
381 1270 454 1325 ilaec
463 1286 529 1342 ergo
539 1276 604 1335 sunt
613 1285 642 1330 ra
652 1268 713 1339 ipsa
722 1266 803 1334 lacta,
815 1267 888 1325 sieut
897 1266 974 1321 cele-

172 1345 267 1401 bratae
284 1347 403 1405 rationes
416 1361 509 1409 rerum
523 1343 725 1413 quaesitarum,
760 1358 856 1398 verum
870 1339 905 1395 da
919 1340 972 1396 ba·
1009 1383 1012 1388 .

173 1418 304 1475 bentibus
315 1418 441 1491 symbola
451 1419 563 1479 maiora,
570 1433 642 1487 quae
652 1426 753 1473 certam
762 1415 918 1488 praeierunt
926 1433 971 1471 ra·

173 1491 290 1558 tionem,
311 1490 461 1554 dicendum
474 1498 525 1545 est.

229 1566 409 1622 Circumcisio
423 1568 518 1638 itaque
526 1566 610 1638 peliis
620 1560 778 1641 symbolum
787 1584 848 1624 esse
857 1566 967 1630 dicitur,

174 1642 255 1712 quasi
269 1657 334 1696 vero
349 1649 471 1712 oporteat
485 1639 639 1712 superfluas
654 1643 866 1714 excessivasque
879 1641 971 1696 absci-

174 1715 240 1771 dere
255 1715 435 1787 oupiditatss,
455 1717 640 1771 continentiae
653 1717 798 1790 religionis
818 1715 966 1772 studendo:

175 1809 239 1844 nam
254 1790 487 1861 quemadmodum
506 1791 541 1846 ad
557 1793 762 1864 generationem
778 1789 913 1864 superflua
927 1802 969 1846 est

173 1865 969 1940 pellispraeputii,unaquenocivaobmorbumignisinea

173 1938 308 2005 ardentis,
330 1939 371 1994 sio
382 1940 463 1995 etiam
474 1942 554 2012 copia
562 1940 723 2013 cupiditatis
735 1951 792 1996 tam
805 1959 969 2014 supervaca-

173 2022 290 2079 neaest,
311 2031 395 2086 quam
408 2016 577 2086 perniciosa:
598 2033 816 2088 supervacanea,
837 2017 967 2088 quianon

173 2097 215 2142 est
233 2106 276 2144 res
295 2091 462 2159 necessaria;
490 2099 518 2146 et
534 2091 703 2163 perniciosa,
733 2093 801 2162 quia
814 2091 966 2146 morborum

173 2171 306 2218 causaest
317 2166 438 2236 corporis
449 2174 476 2220 et
486 2166 603 2232 animae.
628 2167 680 2222 Per
690 2166 869 2238 cupiditatem
878 2174 966 2221 autem

173 2239 304 2293 maiorem
324 2249 416 2298 monet
438 2240 621 2296 abscidendae
641 2259 702 2296 esse
721 2250 841 2298 caeteras
859 2257 965 2312 quoque

173 2312 349 2385 cupiditates.
389 2316 475 2376 Maior
489 2323 582 2379 autem
595 2315 698 2370 dicitur
711 2315 773 2380 illa,
800 2316 964 2387 quaerespi-
1008 2372 1009 2375 Ἴ

173 2389 211 2443 cit
230 2390 435 2445 matrimonium
454 2390 539 2444 maris
561 2406 625 2444 cum
646 2389 762 2459 semina3
791 2389 918 2461 quoniam
938 2398 964 2443 et
1008 2390 1009 2457 l

172 2480 288 2536 magnae
309 2465 350 2520 rei
376 2465 488 2518 initium
510 2461 589 2528 facit,
621 2466 806 2536 generationis
828 2463 960 2526 videlicet,
1008 2462 1009 2479 ¹

173 2556 360 2612 magnumque
375 2537 544 2593 desiderium
559 2548 686 2608 operatur
699 2541 729 2594 in
739 2538 906 2611 genitoribus
914 2555 961 2610 pro

172 2616 322 2684 genituris:
343 2611 466 2666 naturale
476 2611 551 2664 enim
561 2621 603 2666 est
613 2631 676 2684 erga
686 2614 778 2684 pmles
789 2612 861 2668 affici
870 2613 961 2668 cadu-

224 2736 245 2782 'l
262 2747 280 2776 r.
294 2740 313 2775 at
326 2733 450 2772 oblationem
463 2732 486 2770 la
499 2733 565 2770 rm
579 2733 635 2772 toste.
662 2735 743 2773 Anob.
