2050 3100
174 108 224 165 288
298 110 394 159 rurs.
414 109 487 156 run.
508 108 671 168 ouuusr.
690 108 741 154 uu
761 110 840 155 sou.
862 102 910 171 [m
923 101 985 167 sss]

173 212 301 285 templati
320 210 432 339 expedit
450 227 500 283 per
520 210 690 283 allegoriam.
737 209 798 265 Chol
815 217 859 265 est
881 225 985 264 nomen

173 288 316 345 declarans
340 304 354 339 e
385 301 536 339 seessum
555 284 745 358 (ἀποστασίαν)
764 293 791 340 el
807 285 986 357 iusipien-

171 365 266 431 tism3
299 360 372 414 liliee
386 368 478 415 eutem
491 360 690 433 cogitationum
699 358 847 415 obssessus
858 368 933 416 sunt
942 362 986 413 in·

173 438 292 494 solentes
305 436 441 507 impetus,
461 451 532 507 quos
544 434 610 489 odio
624 433 707 491 hehet
720 435 830 490 enimus
841 436 985 491 virtutum

172 512 328 574 studiosus,
354 511 476 565 maximo
494 518 561 581 pute
579 508 658 574 odio,
689 510 821 582 quonium
841 511 984 567 eontrarie

172 588 239 644 boni
249 585 355 642 ordinis
366 584 507 656 morisque
517 583 686 657 presserunt.

175 727 240 787 Quid
255 736 290 778 est
306 724 365 791 „si
378 735 453 777 sumet
473 725 550 777 Iacob
571 742 667 777 uorem
688 726 719 775 de
732 726 837 789 filiales
862 725 983 778 cluun-

304 794 375 858 uum,
395 794 431 843 au
444 794 504 858 que
519 802 555 844 at
570 794 629 844 usu
643 794 761 844 semor
779 794 840 860 (ru.)

226 893 286 949 tls.
311 890 342 944 ln
356 890 455 945 timore
470 906 502 944 eo
515 887 603 944 dubio
616 896 659 943 est
674 887 782 946 indoles
800 886 978 961 philosophi,

169 984 204 1023 ne
221 965 290 1021 forte
302 965 415 1037 penitus
430 964 552 1037 ignoret,
572 980 660 1037 quum
671 964 700 1018 in
711 963 921 1034 corruptionem
932 964 980 1019 de·

169 1043 263 1098 veniet
272 1039 321 1096 ills
330 1055 455 1112 quoque,
467 1056 539 1111 quae
548 1038 651 1100 salvari
659 1046 758 1110 potest,
770 1054 845 1111 pars,
858 1040 979 1095 terrenis

168 1118 248 1189 prius
260 1112 297 1191 [Ἴ
310 1132 394 1187 quam
404 1114 573 1169 coelestibus
583 1114 696 1170 vivens.
731 1112 811 1179 Quod
820 1115 845 1168 si
860 1131 979 1187 aecepe-

104 1212 110 1219 ·
169 1192 218 1256 rit,
239 1191 345 1263 inquit,
366 1206 481 1245 uxorem
495 1190 534 1254 is,
555 1188 606 1261 qui
618 1195 732 1261 putetur
744 1187 873 1261 religiosi
890 1190 978 1244 moris

169 1283 244 1332 esse,
265 1283 301 1321 ex
315 1264 427 1323 filiabus
441 1262 527 1325 huius
541 1272 630 1319 terrae
639 1261 804 1338 (hominum)
814 1264 977 1322 immundo-

169 1358 231 1396 rum
242 1340 287 1397 vel
297 1356 440 1404 sensuum,
449 1340 499 1411 qui
506 1337 587 1394 facile
597 1338 695 1394 volunt
702 1339 855 1410 inquinari,
863 1356 976 1395 esrum-

168 1432 223 1488 que
233 1432 305 1487 quae
314 1413 468 1470 secundum
483 1428 598 1469 sensum
611 1422 677 1470 sunt
690 1413 871 1486 cupiditates,
891 1432 975 1488 pree-

168 1675 268 1715 nomen
278 1666 330 1714 est.
369 1658 458 1714 Filiae
468 1664 560 1712 sutem
570 1657 655 1713 huius
664 1658 842 1713 intentabiles
851 1666 917 1713 sunt
926 1660 971 1714 in-

167 1735 324 1798 cursiones,
335 1749 405 1805 quas
416 1733 632 1801 clementissime
641 1733 733 1788 anima
743 1751 793 1806 pro
802 1733 866 1800 odlo
875 1733 966 1799 hebet,

167 1818 195 1865 et
209 1808 340 1874 destruit,
366 1807 470 1880 dignus
485 1807 562 1874 vitii,
588 1824 660 1880 quoe
677 1807 827 1865 deferendo
843 1826 967 1887 quosque

166 1883 292 1940 ordinem
303 1891 457 1955 cunctaque
470 1899 626 1946 pensuram,

204 2022 269 2082 Quid
290 2033 325 2074 est
352 2023 450 2087 „Isaac
471 2024 535 2089 cepit
555 2024 602 2075 eidi
620 2024 696 2075 Iacob
717 2041 813 2075 uxorem
838 2041 868 2074 en
887 2025 930 2074 lec

240 2095 321 2142 toral
350 2090 382 2141 Ut
401 2093 495 2157 (marg.
518 2090 653 2156 Anemuri!
667 2093 726 2155 milei
741 2093 893 2142 owerewd

221 2196 282 2251 tls.
309 2192 526 2250 elementissimi
544 2194 664 2267 pectoris
683 2193 783 2260 decus,
808 2191 960 2265 nequando

166 2269 215 2324 ille
229 2268 373 2328 deliteseat
387 2286 437 2341 per
452 2271 611 2343 oontagium
627 2269 688 2329 eius
701 2269 803 2342 portis,
825 2267 893 2340 quod
905 2269 960 2324 sul-

165 2344 225 2399 veri
240 2345 389 2416 praecipue
401 2347 503 2416 possit,
525 2354 633 2403 terreno
645 2344 820 2410 matrimonio
833 2351 890 2398 ante
899 2359 960 2400 eoe-

166 2418 246 2474 lestis
256 2419 393 2494 copulato.
427 2421 458 2476 si
469 2420 543 2477 enim
554 2420 705 2491 acceperit,
719 2419 825 2491 inquit,
843 2435 955 2484 uxorem,

165 2496 215 2565 qui
225 2496 281 2550 iem
291 2495 432 2551 studiosus
443 2503 484 2551 est
494 2494 617 2550 moribus
628 2494 869 2564 inquinatissimis,
882 2500 906 2548 et
914 2512 958 2549 se-

167 2570 290 2624 eundum
304 2570 354 2624 hes
369 2570 481 2625 easdem
497 2568 630 2624 libidines
647 2567 862 2641 praevaricando
873 2569 957 2624 eoele-

165 2643 231 2708 stis,
254 2661 325 2714 quoe
337 2647 446 2716 semper
460 2651 534 2699 coste
549 2651 615 2699 sunt
629 2645 761 2711 eoncilis,
782 2644 879 2718 utquid
890 2645 954 2701 milri
