2050 3100
143 111 193 164 232
288 114 385 160 PHIL.
399 113 472 160 [UD.
488 112 650 170 QUAEs'r.
663 111 714 157 ET
731 112 808 157 SOL.
829 107 875 173 [[1,
885 110 946 174 399]

145 264 181 328 [Ἴ
205 262 270 320 (haid
287 273 333 325 eat,
362 261 428 326 qaod
443 261 599 325 „Postquam
617 269 727 310 aestumat
742 260 828 325 Isaac,
853 262 947 313 labetes

213 331 282 394 facts¹
298 338 352 379 sunt
370 329 432 379 oculi
450 329 499 378 eius
517 329 552 377 od
570 328 733 378 videndum
756 330 810 391 (27,
832 330 869 390 l.)

202 435 259 486 496.
280 429 333 496 Qui
345 429 490 484 litteralem
501 429 644 484 historiam
659 437 879 501 pmsequuntnr,
901 431 946 484 di·

144 515 219 569 cunt,
232 505 306 576 quod
316 512 427 575 propter
437 503 673 576 dispensationem
682 504 803 574 aliquam
811 504 946 576 propbeta

144 580 245 635 deleuit
260 581 338 642 visu,
361 586 387 634 et
400 579 577 650 postmodum
591 579 735 633 restitutus
749 586 791 632 est
805 595 837 632 ao
856 580 945 633 acutis

143 655 232 710 oculis
245 653 398 725 praeditus.
438 654 611 724 Dispensatio
622 661 714 708 autem
724 652 777 706 tuit
788 651 886 728 (aiunt)
897 653 946 708 be-

143 729 278 792 nedictio,
290 735 322 783 ut
331 745 391 782 eam
401 745 456 783 non
466 729 566 792 malus,
579 728 629 782 sed
638 726 830 782 benedictione
841 727 945 800 dignus
1000 786 1001 789 Ἴ

144 811 367 874 consequeretur.
406 803 582 858 Probabilem
596 802 667 856 mibi
684 801 815 856 videntur
834 802 883 856 isti
901 821 946 856 ra·
1000 796 1003 871 l

143 880 246 932 tionem
257 877 423 940 reddidisse,
435 895 490 933 non
499 887 591 932 tamen
600 877 631 931 in
641 876 692 931 boc
700 885 807 930 tantum
817 884 871 930 stat
881 877 945 948 pul·
1002 890 1003 959 l

143 952 271 1006 chritudo
281 959 386 1015 textus,
407 951 456 1005 sed
467 953 630 1007 sententiam
641 951 792 1006 naturalem
802 951 945 1021 inquirere

143 1044 203 1082 mos
214 1035 256 1082 est
265 1026 340 1099 apud
350 1043 410 1090 eos,
422 1028 472 1097 qui
483 1027 614 1098 allegoria
625 1034 750 1080 utuntur.
780 1026 842 1079 Rite
850 1025 946 1097 itaque
1003 984 1005 1059 7

144 1103 349 1174 scriptumest,
374 1117 427 1155 non
442 1101 518 1172 quod
532 1100 608 1155 illico
622 1100 758 1154 obfuscati
775 1108 839 1153 sunt
857 1101 943 1164 oculi,
1004 1078 1006 1137 7

145 1175 680 1245 sedpoatsenium-valdenaturaliter;
696 1175 945 1245 quiainsenectute
1005 1171 1006 1217 l

146 1251 308 1306 debilitatur
318 1251 410 1314 visus,
423 1250 495 1306 sicut
505 1257 532 1305 et
542 1258 629 1304 totum
639 1265 748 1320 corpus.
787 1249 857 1302 Nam
868 1257 945 1319 post-
1006 1266 1007 1307 t

144 1343 228 1396 quam
239 1326 344 1390 senuit,
361 1325 389 1378 id
402 1333 456 1388 est,
473 1323 584 1397 quando
595 1323 712 1378 mutabit
722 1331 749 1377 et
762 1323 945 1377 commutabi-
1007 1360 1008 1387 t

143 1407 201 1462 tur,
223 1408 290 1454 tunc
304 1399 416 1453 demum
431 1400 547 1470 incipiet
562 1399 653 1453 anima
667 1396 751 1452 deum
765 1397 886 1452 induens
896 1415 945 1470 per

169 1638 233 1695 Quid
249 1649 283 1688 eat
302 1638 456 1702 „Postquam
473 1639 653 1736 sensit‘ffsaac,
674 1640 775 1705 coliqats'
790 1649 844 1689 nent
861 1641 926 1689 oculi

500 1707 549 1755 ains
578 1712 590 1756 t
872 1730 875 1734 ·

202 1808 258 1859 496.
279 1805 322 1861 Ad
335 1806 489 1862 videndum
503 1809 648 1864 oratoriam
663 1818 769 1881 partem
782 1809 945 1863 examinan-

144 1889 184 1933 tes
200 1889 326 1935 asserunt
339 1897 389 1952 pro
403 1881 523 1952 quadam
539 1883 657 1939 utilitate
670 1893 832 1956 provectum
850 1884 945 1938 oculos

144 1953 276 2008 babuisse
295 1954 432 2025 infirmos;
463 1958 607 2028 postmodo
627 1960 703 2013 enim
722 1966 834 2014 sanatus
852 1959 946 2013 aciem

144 2027 242 2082 habuit
261 2027 409 2085 luminum.
448 2031 482 2086 Et
502 2033 618 2105 contigit
637 2033 757 2098 utiliter,
779 2050 813 2088 ne
827 2032 947 2088 benedi-

144 2102 243 2156 ctionis
260 2103 394 2177 indignus
413 2107 544 2178 accipiat,
573 2107 714 2178 siquidem
732 2106 883 2163 verisimili
903 2124 946 2162 ra-

144 2177 217 2231 tione
236 2177 386 2235 disserunt.
426 2182 486 2236 Non
506 2189 597 2236 tamen
617 2181 669 2236 hac
687 2199 777 2254 usque
792 2183 946 2252 scripturae

144 2250 228 2305 decus
240 2251 379 2319 delinitur,
392 2256 441 2310 sed
452 2255 597 2311 altioribus
608 2257 697 2312 titulis
708 2257 869 2331 allegoriam
880 2274 947 2311 can·

143 2325 199 2381 tius
210 2328 333 2385 extendi.
373 2330 583 2404 Congrueenim
593 2330 698 2386 dictum
709 2340 763 2396 est,
780 2348 848 2386 non:
875 2329 947 2397 Quia

144 2402 249 2467 senuit,
266 2404 377 2477 caligati
388 2406 536 2460 suntoculi
549 2407 622 2471 eius3
648 2406 712 2461 sed:
737 2407 887 2476 Postquam
903 2423 948 2459 se-

145 2478 248 2531 nectuti
263 2481 393 2544 moravit,
416 2496 447 2534 eo
462 2479 527 2551 plus
540 2482 722 2535 senuitomne
733 2497 843 2551 corpus.
883 2479 947 2534 Post

144 2559 313 2609 senectutem
324 2572 401 2627 ergo,
417 2554 534 2619 licceat,
548 2571 612 2608 cum
623 2553 776 2610 decidendo
785 2555 945 2609 mutaverit.

144 2622 221 2679 Tunc
235 2629 310 2685 enim
325 2629 372 2686 dei
386 2628 487 2686 feratur
502 2630 593 2683 anima
608 2628 737 2685 sensibili
751 2629 869 2686 obscure
886 2644 948 2685 cer·
