2050 3100
166 171 214 223 tm
409 172 527 219 rnrno
546 170 714 217 runnnus
846 166 897 235 [11,
910 171 969 235 ssa]

165 293 201 331 ex
210 275 327 329 aliorum
335 274 517 330 salutavitam
527 288 581 327 non
591 270 776 335 esrlucnms,
797 288 833 327 ex
847 290 904 331 suo
915 276 970 331 tine

164 351 223 405 iliis
233 349 358 421 largitur.
396 350 444 403 Bis
453 350 546 419 itaque
555 347 605 418 qni
614 345 758 418 supplices
768 355 861 412 erant,
880 351 970 405 uitam

164 432 325 495 exoptantes
338 424 550 496 indigentesque
565 438 600 477 ex
614 438 661 477 ore
673 422 796 493 benigno
811 421 970 497 benignam

164 498 261 553 auduo
270 514 379 562 vocem,
394 498 479 553 dixit:
504 496 734 569 Quandoquidem
745 512 788 551 me
801 505 912 555 vestrae
925 502 971 555 vi-

164 583 207 628 tae
217 572 351 627 arbitrum
360 572 554 636 constituistis,
571 572 677 627 utilitas
688 578 777 627 vestra
788 588 803 625 a
813 588 878 629 meo
889 575 969 631 iudi-

166 650 209 703 oio
217 664 319 703 noxam
328 664 382 702 non
391 648 520 718 patietur.
559 645 692 711 Quamvis
705 646 779 701 anim
791 644 910 703 immam
924 652 969 705 iu·
1000 696 1001 699 ,

164 723 237 777 diois
248 720 386 794 praefero,
401 721 452 776 sed
460 721 581 787 accusati
591 721 781 777 nenessitatem
792 738 874 792 gero:
901 741 967 779 nam
1000 700 1001 785 i

84 851 91 864 ,
164 796 756 860 simihiiudiciumnoncommendessetis,
778 796 838 853 sine
855 797 967 853 invidia
1000 788 1001 861 i

163 890 199 928 ex
209 873 325 927 aliorum
335 871 435 927 damno
444 870 599 927 essetuelle
613 870 757 941 proficer03
787 872 856 942 quia
871 880 965 929 tamen

165 948 320 1003 advenario
336 946 556 1003 iurisdietionem
575 944 746 1009 credidistis,
772 962 864 1017 usque
880 949 965 1003 etiam
1000 948 1001 999 i

163 1025 193 1077 in
203 1033 356 1088 extremam
366 1023 494 1095 spiritum
504 1020 620 1075 servabo
629 1018 833 1092 praestantibus
843 1020 944 1077 fidem.

223 1152 263 1205 tt.
282 1148 356 1217 Quid
366 1140 444 1222 ergo,
458 1164 474 1201 o
488 1146 620 1219 propheta
636 1145 713 1217 (dicit
728 1144 878 1219 sibiipsi),
896 1149 965 1221 quid

164 1225 292 1289 moraris,
312 1220 572 1297 utquidprolongas
588 1219 723 1275 salutern?
751 1222 806 1275 Fae
820 1222 877 1277 tibi
892 1241 965 1278 mor·

163 1309 234 1364 tem,
254 1307 281 1355 et
294 1300 324 1353 in
338 1300 363 1353 la
385 1315 466 1353 neum
475 1294 633 1371 aucupandi
644 1297 703 1349 vim
713 1295 817 1349 iaciens
829 1306 856 1351 te
868 1299 963 1353 iniice.
1000 1324 1001 1349 r

164 1372 255 1441 Quum
265 1316 475 1449 enimff‘dvitam
485 1388 539 1428 non
550 1371 673 1443 potueris
683 1370 794 1433 lucrari,
805 1372 965 1428 columnam
1000 1364 1001 1384 ¹

165 1448 343 1521 benignitatis
357 1449 402 1504 vel
417 1450 477 1521 ipsa
490 1456 579 1503 morte
593 1453 640 1501 tua
649 1445 725 1519 erige
734 1462 809 1500 nuuc
819 1448 850 1501 in
861 1450 931 1504 navi
942 1457 965 1501 et
1000 1454 1001 1499 i

163 1533 284 1588 monstra
294 1522 340 1596 (te)
350 1525 428 1596 pium
439 1522 519 1597 (esse)
530 1521 705 1596 prophetam,
727 1521 776 1592 qui
791 1538 828 1576 ex
840 1522 894 1594 pia
902 1540 964 1596 pro
1000 1524 1001 1582 ἶ

163 1597 257 1668 phctia
277 1599 332 1652 iam
350 1598 467 1671 profuga
482 1597 570 1654 fuisti.
609 1599 681 1652 Haec
695 1595 804 1658 dicens,
828 1613 921 1667 quum
938 1600 965 1654 in

163 1671 299 1742 profundo
309 1682 400 1727 essent
410 1674 522 1746 pelago,
539 1672 616 1728 dedit
625 1670 796 1728 sesefurenti
805 1673 893 1730 mari.
1000 1685 1001 1712 ¹

223 1798 262 1848 ⁴5.
282 1796 436 1851 Miseranda
447 1805 517 1861 erat,
539 1799 623 1852 ouiri
635 1797 691 1870 pii,
712 1811 814 1868 poena,
836 1806 870 1852 ut
884 1799 966 1854 homo
1000 1853 1001 1877 ,

164 1869 261 1925 salutis
271 1870 383 1926 initium
392 1869 505 1935 ducens,
517 1872 546 1926 in
558 1873 649 1928 medio
660 1872 832 1926 necessitatis
842 1875 967 1944 prehen·
1000 1879 1001 1912 ἲ

163 1961 211 1998 sus
222 1953 333 2008 asorte‚
349 1954 376 1999 et
386 1963 401 2002 a
411 1945 462 2001 deo
472 1955 554 2018 atque
566 1947 599 2002 ah
611 1945 770 2006 hominibus
785 1951 965 2012 constrictus,

164 2019 250 2074 iudex
268 2034 334 2075 suae
354 2021 442 2093 ipsius
460 2023 556 2076 mortis
575 2023 651 2076 fieret
671 2030 697 2076 et
710 2022 828 2075 salutern
844 2023 966 2079 aliorum

164 2095 335 2164 procurando
352 2098 491 2170 propriam
509 2098 626 2153 salutem
642 2097 803 2170 negligeret.
844 2098 900 2154 Hic
915 2101 968 2154 mi-

166 2170 219 2223 rari
231 2169 296 2225 iicet
306 2170 411 2227 domini
425 2172 637 2245 benignitatem,
658 2172 762 2243 qnippe
776 2172 827 2241 qui
841 2175 968 2246 prophe-

163 2253 219 2298 tam
229 2247 285 2300 iam
295 2247 470 2318 punitionem
475 2255 625 2302 merentem
635 2254 745 2322 propter
750 2243 845 2317 fugam
857 2264 873 2301 a
884 2265 967 2320 prae·

164 2320 310 2386 dicatione,
322 2322 487 2377 circumdari
495 2322 620 2394 undique
631 2339 645 2376 a
656 2327 742 2375 morte
752 2319 918 2387 decernens,
933 2325 966 2377 ii-

164 2394 199 2448 lis
210 2413 288 2459 vero,
300 2399 349 2468 qui
361 2397 512 2453 voluntario
523 2414 598 2452 moro
608 2394 838 2460 condemnarunt,
850 2407 965 2468 peccata
1000 2409 1001 2432 ³

163 2485 213 2527 sua
224 2471 346 2525 confiteri
356 2490 410 2526 non
420 2471 587 2544 dedignans,
609 2487 663 2526 non
677 2469 767 2532 solum
781 2471 915 2528 misertus
926 2480 964 2526 est

163 2543 272 2608 miseri,
293 2543 343 2600 sed
356 2547 437 2600 etiarn
451 2546 486 2599 ad
499 2545 621 2601 futurum
632 2545 676 2597 sui
687 2545 872 2600 ministerium
883 2563 964 2618 prae·

163 2615 343 2673 destinaverit
360 2621 489 2692 benigne.
533 2621 589 2674 Into
606 2626 633 2672 et
646 2619 676 2672 in
692 2618 873 2674 irrevocabile
886 2625 963 2692 peri-
1000 2679 1001 2684 ἵ

163 2691 258 2757 culum
268 2711 331 2748 eum
342 2694 494 2756 adducens,
515 2693 664 2755 benefecit,
685 2701 716 2746 ut
732 2709 767 2748 ex
780 2692 963 2752 beneficentia
