2050 3100
151 146 202 197 aee
272 145 370 192 uum.
389 142 462 189 iun.
482 140 644 201 Quensu.
663 140 712 187 uu
732 142 810 187 son.
833 134 879 205 [11,
892 140 957 206 eee.]

151 248 225 298 variis
236 246 407 296 conditionum
415 243 526 292 nutibus.
551 242 656 293 Nuntiat
663 244 748 306 itaque
758 242 858 293 divinus
870 260 957 296 sermo

150 323 209 379 post
220 314 376 362 nativitatem
388 312 469 373 quarti
481 311 539 371 iiiii,
559 310 720 361 stabilitatem
732 324 784 359 non
793 312 957 369 sttriiitatem

151 386 178 431 in
189 382 314 431 creatione
322 379 433 427 maxime
441 378 607 440 incorporalis
619 383 644 426 et
656 377 820 440 intelligibilis
835 380 956 429 snbstan-

150 452 214 498 tiac:
236 448 300 495 haec
310 446 441 495 etenimad
451 452 567 507 quartum
575 458 655 506 usque
664 445 781 493 tenditur.
819 442 955 497 Sensualis

151 525 209 565 vero
220 514 339 577 quinione
347 508 449 574 incipit,
468 522 605 573 quamuon
615 512 668 560 sine
677 510 953 564 mercedcnominavit.

150 580 303 631 Naturaliter
318 580 404 641 itaqua
418 578 538 640 quoniam
551 577 607 627 finis
621 578 816 640 incoiporalium
829 582 954 642 usquein

152 655 241 712 quarto
251 654 302 709 est,
314 646 391 696 totins
401 652 484 694 autem
491 646 537 705 rei,
550 652 574 695 et
582 645 659 693 totins
669 645 817 708 disciplinae
827 648 954 697 terminus

150 715 282 765 homiuum
298 708 410 763 'incantus
428 718 480 772 est,
501 712 549 761 deo
567 718 651 761 autem
667 711 830 772 manifestus,
852 713 915 763 iiico
929 716 953 763 in

152 789 241 845 quarto
250 788 326 845 puteo
337 794 388 830 non
397 780 527 828 inveniunt
535 790 634 841 aquam.
655 777 953 842 sicutenimpnteumio·

152 849 248 898 dientes
259 846 296 915 [Ἴ
307 859 399 911 aquam
408 843 545 909 requirunt,
555 846 591 894 ita
600 846 676 894 etiam
685 845 844 908 disciplinam
853 850 953 897 sacten·

151 925 189 966 tes
203 914 279 966 finem
294 915 438 978 explorant,
458 912 526 976 quod
538 918 576 962 est
588 912 745 975 impossibiie
757 914 905 964 hominibus
917 928 953 965 re·

150 984 236 1034 aeleri.
272 981 306 1032 Et
318 982 420 1046 quidem
433 980 533 1043 superbi
546 980 709 1039 mentientes,
729 980 811 1029 solent
826 980 954 1031 affirmare

152 1066 179 1101 ee
189 1063 300 1100 summos
310 1062 365 1099 ease
374 1048 496 1107 musicos,
511 1058 622 1096 summoe
632 1047 819 1110 grammaticos,
830 1051 953 1099 transisse
1011 1078 1012 1111 p

150 1132 210 1168 vcro
230 1128 255 1168 ct
267 1114 440 1181 philosophiae
453 1126 567 1177 grumos,
590 1118 616 1163 et
629 1113 766 1176 sapientiae
779 1118 805 1162 et
818 1116 899 1165 totius
919 1116 954 1164 ‹ii-
1011 1120 1012 1171 i

152 1186 273 1249 sciplinae
283 1192 308 1233 et
316 1183 414 1233 virtutis
423 1189 512 1231 metae.
548 1180 654 1229 Astutus
664 1191 735 1239 vero,
751 1184 776 1228 et
785 1194 839 1229 non
848 1184 890 1230 sui
903 1184 954 1231 cni·

151 1261 191 1302 tor
200 1254 240 1302 vel
250 1250 288 1302 sni
297 1252 425 1310 laudator,
441 1247 573 1297 confitetur
583 1258 616 1296 ex
627 1252 714 1309 aperto
724 1252 845 1309 quantum
855 1249 953 1299 deceta

152 1321 214 1379 fine,
244 1327 268 1368 ct
286 1318 382 1367 iuratus
399 1316 444 1366 tali
461 1314 563 1365 foedere
582 1312 761 1362 conscientiam
779 1316 950 1377 commendat,

153 1384 221 1448 quod
230 1382 292 1433 ninii
301 1384 411 1447 perfecte
421 1383 497 1431 homo
505 1394 582 1429 uossc
591 1386 682 1443 potest.
717 1380 766 1428 Hic
776 1380 859 1431 aliena
868 1382 951 1447 loqui·

152 1460 193 1500 tur
206 1450 249 1513 qui
263 1457 301 1498 tot
314 1450 429 1513 capitulis
442 1462 470 1497 ee
481 1448 608 1497 existimat
616 1452 713 1496 tantum
722 1447 798 1508 scire,
814 1447 873 1497 finis
885 1451 953 1500 enim

152 1516 272 1567 scientiae
282 1514 330 1565 deo
339 1522 436 1566 tantem
450 1515 580 1565 recondita
593 1520 639 1566 ost.
675 1512 757 1575 Quem
771 1514 847 1564 etiam
859 1522 952 1568 testem

151 1583 252 1632 animae
263 1590 349 1644 vocat,
368 1583 487 1645 quoniam
499 1595 564 1646 pura
573 1583 728 1632 conscientia
736 1581 869 1632 confitetur
879 1599 952 1635 suem

150 1649 326 1714 ignorantiam.
363 1645 424 1697 Sola
433 1647 578 1699 enimnovit
586 1650 682 1710 anima,
702 1649 820 1713 quoniam
832 1651 898 1701 nihil
907 1665 952 1702 no·
1010 1655 1011 1694 i

151 1717 186 1764 vit
199 1715 309 1763 tirmiter.
344 1713 515 1764 loramentum
526 1717 602 1779 igitur
615 1717 678 1766 nihii
690 1723 728 1766 est
737 1717 818 1766 minda
836 1721 951 1769 testimo·

150 1784 221 1830 nium
234 1779 275 1831 (ici
288 1779 360 1831 fidele
374 1788 449 1844 atque
465 1783 653 1833 solidissimum.
695 1782 723 1834 Si
737 1783 810 1834 fidele
824 1794 877 1846 est,
898 1801 951 1838 cer·

150 1858 204 1897 tum
215 1856 266 1906 est,
280 1861 328 1899 nec
336 1847 463 1913 piacctilli
471 1848 569 1901 incerta
578 1851 720 1902 credulitas.

154 2052 235 2110 Quae
249 2054 319 2105 Esau
333 2057 539 2123 quodraqeaariae
556 2060 648 2124 aceepit
665 2077 760 2112 uxorem
773 2061 857 2112 Iacui
869 2063 951 2124 filiam

218 2119 422 2253 gzizgtttai,
442 2135 465 2175 et
481 2123 639 2176 Bartomatt
650 2127 732 2188 filium
748 2127 819 2178 Elem
838 2128 951 2180 Hauccii

209 2329 248 2373 10.
265 2321 341 2372 Nulla
349 2325 463 2387 quaestio
470 2325 605 2387 requiritur
617 2339 650 2376 ex
662 2327 742 2387 dicto,
761 2329 853 2378 relatio
866 2339 951 2380 autem

150 2390 314 2455 intelligibilis
328 2391 474 2440 naturaliter
486 2393 612 2442 continete
632 2394 713 2457 primo
723 2395 792 2456 quod
801 2397 951 2460 aequipara-

150 2466 191 2507 tae
201 2459 553 2520 annorumnumemenuptiis
563 2467 637 2522 aptus
647 2465 697 2519 est,
717 2461 837 2510 etinhoc
848 2462 952 2512 menuae

149 2527 289 2585 pervenire.
324 2523 389 2584 Quis
403 2524 471 2572 enim
483 2539 535 2572 uon
549 2527 646 2588 optabit
658 2541 738 2589 usque
751 2528 905 2579 adverbum
913 2531 951 2579 vel

152 2591 314 2652 acquantum
323 2591 421 2639 videtur
429 2590 527 2640 imitare
536 2592 643 2653 potiora.
673 2593 708 2643 Ut
716 2595 752 2643 ita
760 2595 953 2648 similitudinem

151 2667 235 2704 rorum
248 2659 368 2719 attinget,
384 2656 422 2705 ita
433 2657 461 2704 iu
472 2657 522 2706 hoc
535 2672 626 2720 pravus
642 2665 667 2708 et
679 2663 828 2712 commentis
839 2665 953 2715 emittm
