2050 3100
153 174 203 231 278
272 179 369 224 r1-11n.
389 179 464 225 run.
487 179 648 236 Qunnsn.
667 179 717 224 nr
738 179 821 225 eon.
839 172 946 240 [rr,ts.]

152 288 213 354 poet
227 289 266 335 tot
280 289 409 343 eventus,
432 279 571 334 crucietur
585 279 679 334 enimn
691 277 729 333 eb
746 279 809 333 cius
826 279 949 335 velunta-

151 358 221 410 rinm
231 354 455 410 ineruditiouem.

196 511 244 564 Cur
256 520 386 577 postquam
404 511 492 561 eiulatu
510 527 598 576 meque
608 511 714 573 flwmt
731 510 813 574 Em,
837 511 913 576 eoepit
1001 512 1002 559 i

345 589 419 643 pater
437 579 614 629 bertedr'cere‘⁴t
631 580 687 643 (27,
701 580 756 642 89.)

207 701 267 756 233.
290 699 415 754 Fortasse
424 698 488 769 quie
499 698 617 762 dixerit,
639 697 769 772 lucrymis
779 698 852 753 visis
862 699 892 754 in
901 715 950 754 mi·

151 772 329 830 sericerdiam
345 782 436 828 actum
450 790 515 828 eum
530 772 627 829 fuisse.
667 773 771 830 Verum
783 773 837 845 qui
848 773 901 829 hoc
911 773 950 828 di-

151 850 202 912 cit,
214 857 324 921 peccet;
345 845 381 923 [*]
398 849 467 920 quin
474 857 602 904 constans
613 849 725 920 sapiens
735 848 950 906 misericerdiam

151 933 261 980 exercet
281 941 346 998 erge
363 941 474 988 omnes,
493 931 553 979 orat
567 932 661 980 sutem
671 939 722 995 pre
735 922 846 1010 dignis:
876 923 951 998 digni

151 1009 243 1056 nutem
253 1000 430 1072 reperiuntur
440 999 546 1063 miseri,
557 1015 612 1054 neu
623 1015 689 1054 vero
698 999 748 1072 qui
758 998 815 1053 srbi
825 999 951 1072 ipsisne

151 1084 224 1130 cent.
264 1075 350 1132 Movit
364 1075 458 1146 itaque
472 1083 595 1128 orantem
610 1090 665 1127 non
680 1073 886 1139 misericordia,
906 1073 951 1129 sed

151 1168 215 1223 spes
226 1151 411 1222 poenitentiae
421 1149 456 1204 ed
466 1149 590 1204 meliora.
611 1148 715 1205 Videus
726 1149 801 1203 enim
811 1165 877 1203 eum
887 1147 952 1206 tien-

151 1236 207 1280 tem
218 1235 244 1282 et
255 1225 461 1300 lacrymantem.
472 1225 603 1296 opinatus
612 1231 667 1287 est,
682 1224 754 1279 sicut
764 1222 896 1291 decebat,
907 1243 952 1280 su·

152 1302 271 1372 spirare,
287 1317 412 1374 gemere,
429 1298 494 1354 ssere
504 1308 532 1354 et
541 1299 672 1372 plangere
681 1316 765 1371 super
774 1298 862 1355 vitum
877 1317 952 1356 suam

151 1573 214 1635 bus,
226 1571 330 1641 quibus
341 1572 423 1625 etium
433 1570 555 1645 hymnus
564 1580 646 1630 tecet„
663 1573 953 1646 Vide.qunutemulle-

151 1646 257 1720 goriam
268 1645 627 1721 compunctiercquirit.]*)
699 1697 701 1702 .

193 1786 274 1843 Qttare
291 1786 438 1837 exclamante
456 1796 478 1839 ct
491 1798 549 1853 pest
558 1791 645 1852 fletnm
661 1790 733 1842 Esau
744 1800 818 1857 pater
835 1791 918 1858 imisit

480 1856 632 1907 benedicere?

207 1958 268 2011 233.
294 1957 400 2029 Nempe
416 1958 519 2030 uliquis
534 1958 609 2015 dicet
627 1960 783 2035 lachrymae
802 1962 950 2016 intuentem

152 2031 243 2085 enimn
256 2048 371 2102 pessum
385 2034 432 2104 pio
447 2034 541 2090 dolore
555 2044 661 2107 petrem
671 2053 722 2109 pre
731 2036 799 2093 filio.
839 2036 894 2103 Qui
906 2037 951 2091 hoc

151 2107 322 2177 suspicetur¹
354 2107 479 2178 effendit;
521 2110 647 2182 prudens
668 2113 742 2167 enim
765 2112 952 2168 misericordia

152 2182 252 2246 utitur,
270 2181 320 2237 sed
330 2182 425 2256 dignis
436 2202 496 2241 enm
507 2186 695 2258 superfundit.
734 2188 816 2260 Digni
827 2198 894 2244 sunt
903 2188 952 2243 mi-

153 2258 208 2311 seri
218 2257 264 2313 vel
275 2256 415 2326 infelices,
428 2279 482 2316 non
493 2261 608 2333 superbi
618 2263 663 2317 vei
674 2261 833 2318 facinorosi.
873 2263 952 2318 Novit

94 2385 97 2394 ,
152 2348 218 2406 ergo
239 2334 399 2391 obtueutem
418 2350 473 2392 nen
496 2338 699 2402 misericordis,
729 2337 780 2392 sed
798 2338 953 2393 uestimstio

151 2406 338 2479 poenitentiae
353 2409 388 2465 ad
403 2413 517 2491 meliors
531 2420 692 2477 venturum,
714 2421 742 2467 et
755 2411 879 2468 videndo
889 2411 954 2467 den-

152 2492 221 2549 tem‚
244 2488 400 2543 aestimavit
413 2489 610 2563 ingemiscere,
631 2490 818 2562 suspirantem
831 2503 884 2559 pro
893 2504 954 2543 sus·

153 2558 238 2614 vitate
254 2562 461 2630 infelicissime,
484 2563 628 2619 felicitate:
650 2562 745 2620 simile
758 2564 844 2619 huius
854 2566 953 2635 patitur

205 2734 225 2778 ⁸)
240 2732 304 2777 Uncis
318 2738 402 2781 incluse
415 2742 466 2779 eunt
478 2736 648 2777 additamentum
661 2740 790 2789 interpretis.

1001 826 1003 873 Ι
