2050 3100
52 199 87 265 [1‚
99 195 144 264 re]
182 203 233 248 ns
251 201 527 250 rnovrnrsurrs
547 203 672 250 sentio
692 205 723 250 rr.
816 197 849 252 te

50 319 100 358 mo
115 301 200 360 vellet
215 301 318 368 fecere,
345 319 378 358 ea
391 302 633 360 deussecundum
649 303 852 376 providentiam

50 395 144 441 suam,
155 385 186 432 ut
195 377 306 442 dicitur,
318 377 407 434 facere
417 395 472 433 non
482 386 615 434 moretur:
632 396 763 451 apparere
772 373 853 436 vide‘-

52 450 209 517 licet‚bene
220 451 309 508 lacere
320 453 541 525 vituperantibus
552 455 801 527 accusantibusque
811 473 851 520 se,

51 537 81 583 et
91 527 164 582 mele
174 526 261 582 lacere
272 527 449 584 laudantibus
459 545 489 583 se
498 537 526 584 et
535 528 774 586 benedicentibus.
800 532 855 586 He-

51 602 152 658 sindus
160 603 235 659 enim
244 602 316 659 nihil
325 604 456 659 omittens
466 620 575 670 eorum,
596 621 668 676 quae
681 613 805 678 spectent
820 605 854 662 ad

51 678 226 749 impietatem
248 694 281 748 cp
303 677 505 749 blasphemiam
529 678 707 745 daemonum,
738 682 856 753 spiravit

51 754 193 824 poemata,
212 753 242 807 in
254 752 358 824 quihus
370 750 407 828 [*]
418 753 517 810 scribit
525 771 571 820 ea,
590 771 661 827 quae
669 757 856 828 praesumpsit

52 828 108 883 hoc
116 827 339 900 pactcprolerre:

807 876 813 896 l·

110 938 155 992 35.
176 935 252 993 Caeli
266 935 401 992 Saturnus
416 935 491 992 filius
506 945 548 991 est
561 944 588 991 et
600 935 681 992 illum
691 955 741 1010 pro
751 937 856 993 henefi-

53 1012 99 1068 cio
113 1012 299 1086 generationis
312 1011 407 1067 virilia
419 1013 573 1066 resecuisse
583 1012 668 1084 patri,
688 1014 781 1068 lovem
791 1030 857 1069 vero

53 1087 184 1158 adempto
195 1086 311 1143 Saturno
320 1085 437 1159 imperio
442 1086 608 1142 intactarum
618 1101 681 1146 eum
694 1086 854 1152 immisisse,

53 1161 138 1221 ethis
151 1161 266 1218 similia.

109 1273 156 1326 36.
179 1269 268 1336 Quere
280 1271 353 1326 vatis
367 1270 524 1326 encomium
538 1267 579 1324 dii
594 1267 721 1324 admirati
736 1269 857 1324 carmina

52 1345 174 1419 pulchra
182 1346 263 1401 illum
273 1344 405 1401 docuere:

108 1418 229 1494 Aqom*)
238 1426 363 1491 pmcebet
375 1425 404 1474 io
417 1419 539 1475 Helicone
549 1428 634 1474 monte
643 1436 661 1474 α
670 1420 722 1472 diis
731 1421 856 1473 habitato.

110 1530 157 1587 37.
177 1530 292 1588 Homero
305 1538 397 1587 tamen
410 1527 601 1602 perfectiorem
615 1527 736 1601 poetices
750 1528 857 1600 apicem

52 1608 189 1666 tribuere.
207 1603 552 1673 Quamobreleuoniam
562 1604 717 1660 Vulcanum
726 1602 858 1659 claudum

53 1684 153 1741 retulit
162 1688 189 1737 et
198 1680 270 1753 pede
277 1681 414 1753 prehenso
422 1681 576 1752 proiectum
589 1679 740 1735 sidicinis
751 1680 858 1735 limini-

52 1756 172 1831 bus**).
209 1754 300 1829 Atque
318 1757 452 1813 Venerem
469 1755 504 1810 ab
519 1754 630 1835 homine
645 1754 817 1811 vulneratam
831 1766 858 1811 et

53 1833 172 1906 quidem
181 1832 277 1887 crude.
314 1831 656 1905 lltlcuempreetereem‚
677 1847 761 1903 quam
770 1830 857 1886 hebe-

55 1909 117 1975 bat,
145 1908 273 1978 quamvis
288 1906 366 1961 nefas
383 1914 454 1970 erat,
479 1922 601 1962 sororem
614 1904 698 1961 simul
715 1914 741 1961 et
760 1908 857 1961 coniu-

53 2001 135 2057 gem,
152 1981 221 2039 dues
232 1988 372 2054 praeterea
382 1981 533 2038 adduxisse
542 1980 578 2037 ad
587 1980 737 2039 insolubile
748 1980 854 2037 cubile:

53 2059 120 2115 ideo
129 2056 231 2113 eccidit
239 2074 304 2112 eum
311 2065 452 2127 tamquam
462 2073 498 2111 ex
506 2056 606 2127 laqueo
615 2054 759 2128 suspendi,
771 2056 857 2127 quip-

53 2152 90 2206 pe
101 2131 181 2206 qncd
193 2148 243 2203 per
256 2148 415 2196 necessum,
434 2130 538 2203 quibus
552 2132 617 2203 quis
637 2138 715 2186 antea
732 2132 854 2193 cesserit,

54 2215 176 2281 nequeat
182 2223 300 2264 cessere.
338 2206 424 2273 Quasi
437 2222 503 2263 vero
516 2222 647 2279 magnum
657 2204 797 2276 quoddam
805 2220 856 2275 po-

54 2284 141 2340 tuerit
149 2283 296 2355 perlicere,
314 2280 479 2339 iectubunde
487 2289 593 2345 narret,
604 2278 747 2350 dioensil:

110 2363 153 2414 Ao
169 2374 222 2413 nou
237 2361 389 2422 mmioa'rti,
418 2360 524 2427 quomo
537 2358 682 2425 pepercisti
700 2358 734 2409 cb
751 2356 806 2408 cltc
824 2357 856 2407 de

162 2436 281 2502 pedidus,
365 2434 370 2441 '

55 2577 129 2670 Miz)
147 2574 237 2627 lleelod.
259 2574 340 2623 recog.
357 2583 379 2613 v.
396 2574 432 2611 28:
450 2568 523 2622 ’.ἄρνας
539 2564 677 2619 ποιμαίνονθ’
696 2562 803 2615 Ἑλικῶνος
814 2564 855 2607 tut

59 2637 61 2642 ,
118 2638 146 2663 ω,
309 2660 313 2666 ν

107 2682 144 2731 “’)
165 2683 254 2724 Homeri
266 2680 317 2722 llles
331 2682 350 2730 1,
362 2682 400 2721 Μ
406 2692 437 2721 ss.

106 2750 128 2799 t)
147 2750 235 2792 Homeri
247 2750 299 2791 llis·
311 2750 343 2796 lt.
357 2750 418 2790 181⁸.
