<?xml version="1.0" encoding="UTF-8"?>
<!DOCTYPE html PUBLIC "-//W3C//DTD XHTML 1.0 Transitional//EN"
    "http://www.w3.org/TR/xhtml1/DTD/xhtml1-transitional.dtd">
<html xmlns="http://www.w3.org/1999/xhtml" xml:lang="en" lang="en">
 <head>
  <title>
</title>
<meta http-equiv="Content-Type" content="text/html;charset=utf-8" />
  <meta name='ocr-system' content='tesseract 3.04.00' />
  <meta name='ocr-capabilities' content='ocr_page ocr_carea ocr_par ocr_line ocrx_word'/>
</head>
<body>
  <div class='ocr_page' id='page_1' title='image "./operaomniaadlib02philgoog/operaomniaadlib02philgoog_0164.png"; bbox 0 0 2050 3100; ppageno 0'>
   <div class='ocr_carea' id='block_1_1' title="bbox 50 202 853 270">
    <p class='ocr_par' dir='ltr' id='par_1_1' title="bbox 50 202 853 270">
     <span class='ocr_line' id='line_1_1' title="bbox 50 202 853 270; baseline 0 -15"><span class='ocrx_word' id='word_1_1' title='bbox 50 203 166 270; x_wconf 56' lang='lat' dir='ltr'>[laets]</span> <span class='ocrx_word' id='word_1_2' title='bbox 222 209 263 253; x_wconf 86' lang='lat' dir='ltr'>IN</span> <span class='ocrx_word' id='word_1_3' title='bbox 283 207 463 253; x_wconf 77' lang='lat' dir='ltr'><strong>GENESIN.</strong></span> <span class='ocrx_word' id='word_1_4' title='bbox 487 208 615 252; x_wconf 80' lang='lat' dir='ltr'>SERMO</span> <span class='ocrx_word' id='word_1_5' title='bbox 635 208 676 253; x_wconf 79' lang='lat' dir='ltr'>IV.</span> <span class='ocrx_word' id='word_1_6' title='bbox 806 202 853 255; x_wconf 66' lang='grc'>149</span> 
     </span>
    </p>
   </div>
   <div class='ocr_carea' id='block_1_2' title="bbox 77 386 829 517">
    <p class='ocr_par' dir='ltr' id='par_1_2' title="bbox 77 386 829 517">
     <span class='ocr_line' id='line_1_2' title="bbox 77 386 829 452; baseline -0.001 -13"><span class='ocrx_word' id='word_1_7' title='bbox 77 388 145 446; x_wconf 65' lang='lat' dir='ltr'>Qu</span> <span class='ocrx_word' id='word_1_8' title='bbox 160 398 196 439; x_wconf 77' lang='lat' dir='ltr'>est</span> <span class='ocrx_word' id='word_1_9' title='bbox 213 386 295 452; x_wconf 78' lang='lat' dir='ltr'>„Nos</span> <span class='ocrx_word' id='word_1_10' title='bbox 312 387 437 451; x_wconf 75' lang='lat' dir='ltr'><strong><em>dereliquit</em></strong></span> <span class='ocrx_word' id='word_1_11' title='bbox 454 387 566 436; x_wconf 81' lang='lat' dir='ltr'>iustitiam</span> <span class='ocrx_word' id='word_1_12' title='bbox 585 397 607 436; x_wconf 89' lang='lat' dir='ltr'>et</span> <span class='ocrx_word' id='word_1_13' title='bbox 625 388 746 438; x_wconf 64' lang='lat' dir='ltr'>veritatem</span> <span class='ocrx_word' id='word_1_14' title='bbox 762 406 829 439; x_wconf 81' lang='lat' dir='ltr'>suom</span> 
     </span>
     <span class='ocr_line' id='line_1_3' title="bbox 99 454 612 517; baseline -0.002 -13"><span class='ocrx_word' id='word_1_15' title='bbox 99 490 103 493; x_wconf 90' lang='lat'><em>-</em></span> <span class='ocrx_word' id='word_1_16' title='bbox 292 473 309 504; x_wconf 88' lang='lat' dir='ltr'>a</span> <span class='ocrx_word' id='word_1_17' title='bbox 327 454 420 503; x_wconf 78' lang='lat' dir='ltr'>domiso</span> <span class='ocrx_word' id='word_1_18' title='bbox 438 457 527 504; x_wconf 73' lang='lat' dir='ltr'>meo“i</span> <span class='ocrx_word' id='word_1_19' title='bbox 553 455 612 517; x_wconf 89' lang='lat' dir='ltr'>(ib.)</span> 
     </span>
    </p>
   </div>
   <div class='ocr_carea' id='block_1_3' title="bbox 44 570 851 1524">
    <p class='ocr_par' dir='ltr' id='par_1_3' title="bbox 44 570 851 1524">
     <span class='ocr_line' id='line_1_4' title="bbox 105 570 850 643; baseline 0.001 -15"><span class='ocrx_word' id='word_1_20' title='bbox 105 575 165 629; x_wconf 78' lang='lat' dir='ltr'>tlt.</span> <span class='ocrx_word' id='word_1_21' title='bbox 186 572 312 628; x_wconf 78' lang='lat' dir='ltr'>Naturali</span> <span class='ocrx_word' id='word_1_22' title='bbox 326 590 393 627; x_wconf 91' lang='lat' dir='ltr'>sane</span> <span class='ocrx_word' id='word_1_23' title='bbox 406 570 486 626; x_wconf 94' lang='lat' dir='ltr'>modo</span> <span class='ocrx_word' id='word_1_24' title='bbox 496 572 629 635; x_wconf 83' lang='lat' dir='ltr'>declarat,</span> <span class='ocrx_word' id='word_1_25' title='bbox 646 572 720 643; x_wconf 90' lang='lat' dir='ltr'>quod</span> <span class='ocrx_word' id='word_1_26' title='bbox 734 574 850 629; x_wconf 84' lang='lat' dir='ltr'>virtutes</span> 
     </span>
     <span class='ocr_line' id='line_1_5' title="bbox 47 645 850 719; baseline 0.002 -18"><span class='ocrx_word' id='word_1_27' title='bbox 47 651 140 719; x_wconf 86' lang='lat' dir='ltr'>ipsae,</span> <span class='ocrx_word' id='word_1_28' title='bbox 161 650 285 703; x_wconf 82' lang='lat' dir='ltr'>maxime</span> <span class='ocrx_word' id='word_1_29' title='bbox 300 655 327 701; x_wconf 88' lang='lat' dir='ltr'>et</span> <span class='ocrx_word' id='word_1_30' title='bbox 341 645 478 701; x_wconf 80' lang='lat' dir='ltr'>differenti</span> <span class='ocrx_word' id='word_1_31' title='bbox 490 646 572 701; x_wconf 92' lang='lat' dir='ltr'>modo</span> <span class='ocrx_word' id='word_1_32' title='bbox 582 646 707 712; x_wconf 87' lang='lat' dir='ltr'>divinae,</span> <span class='ocrx_word' id='word_1_33' title='bbox 728 649 850 703; x_wconf 88' lang='lat' dir='ltr'>iustitiae</span> 
     </span>
     <span class='ocr_line' id='line_1_6' title="bbox 47 720 850 793; baseline 0.004 -18"><span class='ocrx_word' id='word_1_34' title='bbox 47 734 113 778; x_wconf 88' lang='lat' dir='ltr'>sunt</span> <span class='ocrx_word' id='word_1_35' title='bbox 122 732 152 778; x_wconf 88' lang='lat' dir='ltr'>et</span> <span class='ocrx_word' id='word_1_36' title='bbox 161 725 303 778; x_wconf 87' lang='lat' dir='ltr'>veritates.</span> <span class='ocrx_word' id='word_1_37' title='bbox 322 720 405 793; x_wconf 83' lang='lat' dir='ltr'>Apud</span> <span class='ocrx_word' id='word_1_38' title='bbox 414 730 505 775; x_wconf 91' lang='lat' dir='ltr'>autem</span> <span class='ocrx_word' id='word_1_39' title='bbox 515 736 602 793; x_wconf 82' lang='lat' dir='ltr'>genus</span> <span class='ocrx_word' id='word_1_40' title='bbox 612 722 764 776; x_wconf 89' lang='lat' dir='ltr'>humanum</span> <span class='ocrx_word' id='word_1_41' title='bbox 774 724 850 778; x_wconf 90' lang='lat' dir='ltr'>nulla</span> 
     </span>
     <span class='ocr_line' id='line_1_7' title="bbox 47 795 849 869; baseline 0.004 -20"><span class='ocrx_word' id='word_1_42' title='bbox 47 798 166 853; x_wconf 89' lang='lat' dir='ltr'>istarum</span> <span class='ocrx_word' id='word_1_43' title='bbox 175 801 285 867; x_wconf 83' lang='lat' dir='ltr'>sincera</span> <span class='ocrx_word' id='word_1_44' title='bbox 295 795 329 869; x_wconf 82' lang='lat' dir='ltr'>(s.</span> <span class='ocrx_word' id='word_1_45' title='bbox 339 796 420 869; x_wconf 84' lang='lat' dir='ltr'>pura)</span> <span class='ocrx_word' id='word_1_46' title='bbox 429 804 483 859; x_wconf 88' lang='lat' dir='ltr'>est,</span> <span class='ocrx_word' id='word_1_47' title='bbox 495 796 546 850; x_wconf 90' lang='lat' dir='ltr'>sed</span> <span class='ocrx_word' id='word_1_48' title='bbox 555 796 654 864; x_wconf 76' lang='lat' dir='ltr'>mixta3</span> <span class='ocrx_word' id='word_1_49' title='bbox 670 799 849 852; x_wconf 84' lang='lat' dir='ltr'>commixtum</span> 
     </span>
     <span class='ocr_line' id='line_1_8' title="bbox 47 870 847 943; baseline 0.001 -18"><span class='ocrx_word' id='word_1_50' title='bbox 47 874 122 926; x_wconf 91' lang='lat' dir='ltr'>enim</span> <span class='ocrx_word' id='word_1_51' title='bbox 137 880 180 927; x_wconf 89' lang='lat' dir='ltr'>est</span> <span class='ocrx_word' id='word_1_52' title='bbox 194 872 240 926; x_wconf 82' lang='lat' dir='ltr'>vel</span> <span class='ocrx_word' id='word_1_53' title='bbox 254 888 318 926; x_wconf 85' lang='lat' dir='ltr'>oum</span> <span class='ocrx_word' id='word_1_54' title='bbox 338 872 439 943; x_wconf 82' lang='lat' dir='ltr'>exigua</span> <span class='ocrx_word' id='word_1_55' title='bbox 459 887 587 925; x_wconf 88' lang='lat' dir='ltr'>mensura</span> <span class='ocrx_word' id='word_1_56' title='bbox 606 872 718 941; x_wconf 82' lang='lat' dir='ltr'>aliquod</span> <span class='ocrx_word' id='word_1_57' title='bbox 737 870 847 936; x_wconf 83' lang='lat' dir='ltr'>falsum,</span> 
     </span>
     <span class='ocr_line' id='line_1_9' title="bbox 47 946 847 1018; baseline 0.003 -19"><span class='ocrx_word' id='word_1_58' title='bbox 47 946 162 1018; x_wconf 80' lang='lat' dir='ltr'>aliquod</span> <span class='ocrx_word' id='word_1_59' title='bbox 171 947 396 1001; x_wconf 85' lang='lat' dir='ltr'>veroiniustum.</span> <span class='ocrx_word' id='word_1_60' title='bbox 435 947 474 1000; x_wconf 84' lang='lat' dir='ltr'>Ita</span> <span class='ocrx_word' id='word_1_61' title='bbox 484 953 528 1009; x_wconf 90' lang='lat' dir='ltr'>ut,</span> <span class='ocrx_word' id='word_1_62' title='bbox 548 946 572 999; x_wconf 85' lang='lat' dir='ltr'>si</span> <span class='ocrx_word' id='word_1_63' title='bbox 581 947 692 1017; x_wconf 84' lang='lat' dir='ltr'>proprie</span> <span class='ocrx_word' id='word_1_64' title='bbox 702 946 746 1000; x_wconf 92' lang='lat' dir='ltr'>vis</span> <span class='ocrx_word' id='word_1_65' title='bbox 761 947 847 1018; x_wconf 87' lang='lat' dir='ltr'>loqui,</span> 
     </span>
     <span class='ocr_line' id='line_1_10' title="bbox 46 1020 850 1093; baseline 0.002 -18"><span class='ocrx_word' id='word_1_66' title='bbox 46 1038 118 1091; x_wconf 89' lang='lat' dir='ltr'>quae</span> <span class='ocrx_word' id='word_1_67' title='bbox 128 1020 205 1093; x_wconf 92' lang='lat' dir='ltr'>apud</span> <span class='ocrx_word' id='word_1_68' title='bbox 215 1020 343 1075; x_wconf 90' lang='lat' dir='ltr'>homines</span> <span class='ocrx_word' id='word_1_69' title='bbox 353 1028 418 1074; x_wconf 93' lang='lat' dir='ltr'>sunt</span> <span class='ocrx_word' id='word_1_70' title='bbox 427 1020 550 1074; x_wconf 90' lang='lat' dir='ltr'>iustitiae</span> <span class='ocrx_word' id='word_1_71' title='bbox 560 1021 757 1090; x_wconf 61' lang='lat' dir='ltr'>versutasque,</span> <span class='ocrx_word' id='word_1_72' title='bbox 769 1023 850 1077; x_wconf 87' lang='lat' dir='ltr'>simi·</span> 
     </span>
     <span class='ocr_line' id='line_1_11' title="bbox 46 1093 850 1165; baseline 0.001 -17"><span class='ocrx_word' id='word_1_73' title='bbox 46 1094 183 1151; x_wconf 88' lang='lat' dir='ltr'>litudines</span> <span class='ocrx_word' id='word_1_74' title='bbox 193 1095 250 1149; x_wconf 85' lang='lat' dir='ltr'>sint</span> <span class='ocrx_word' id='word_1_75' title='bbox 260 1094 411 1162; x_wconf 79' lang='lat' dir='ltr'>etformae3</span> <span class='ocrx_word' id='word_1_76' title='bbox 430 1110 577 1165; x_wconf 77' lang='lat' dir='ltr'>quaerero</span> <span class='ocrx_word' id='word_1_77' title='bbox 592 1093 666 1165; x_wconf 89' lang='lat' dir='ltr'>apud</span> <span class='ocrx_word' id='word_1_78' title='bbox 680 1094 777 1158; x_wconf 89' lang='lat' dir='ltr'>deum,</span> <span class='ocrx_word' id='word_1_79' title='bbox 793 1098 850 1149; x_wconf 87' lang='lat' dir='ltr'>ori-</span> 
     </span>
     <span class='ocr_line' id='line_1_12' title="bbox 46 1168 851 1242; baseline -0.001 -18"><span class='ocrx_word' id='word_1_80' title='bbox 46 1171 152 1242; x_wconf 82' lang='lat' dir='ltr'>ginalia</span> <span class='ocrx_word' id='word_1_81' title='bbox 162 1174 230 1225; x_wconf 89' lang='lat' dir='ltr'>sunt</span> <span class='ocrx_word' id='word_1_82' title='bbox 238 1170 378 1241; x_wconf 85' lang='lat' dir='ltr'>principia</span> <span class='ocrx_word' id='word_1_83' title='bbox 392 1176 419 1223; x_wconf 88' lang='lat' dir='ltr'>et</span> <span class='ocrx_word' id='word_1_84' title='bbox 436 1178 580 1241; x_wconf 80' lang='lat' dir='ltr'>prototypa</span> <span class='ocrx_word' id='word_1_85' title='bbox 594 1168 639 1223; x_wconf 85' lang='lat' dir='ltr'>vel</span> <span class='ocrx_word' id='word_1_86' title='bbox 657 1168 746 1222; x_wconf 81' lang='lat' dir='ltr'>ideae.</span> <span class='ocrx_word' id='word_1_87' title='bbox 789 1171 851 1223; x_wconf 88' lang='lat' dir='ltr'>lure</span> 
     </span>
     <span class='ocr_line' id='line_1_13' title="bbox 45 1243 850 1317; baseline -0.001 -19"><span class='ocrx_word' id='word_1_88' title='bbox 45 1246 141 1317; x_wconf 84' lang='lat' dir='ltr'>itaque</span> <span class='ocrx_word' id='word_1_89' title='bbox 160 1244 267 1317; x_wconf 82' lang='lat' dir='ltr'>gratias</span> <span class='ocrx_word' id='word_1_90' title='bbox 286 1246 343 1317; x_wconf 81' lang='lat' dir='ltr'>agit</span> <span class='ocrx_word' id='word_1_91' title='bbox 361 1251 471 1315; x_wconf 81' lang='lat' dir='ltr'>propter</span> <span class='ocrx_word' id='word_1_92' title='bbox 493 1258 681 1314; x_wconf 82' lang='lat' dir='ltr'>possessorem</span> <span class='ocrx_word' id='word_1_93' title='bbox 705 1243 850 1313; x_wconf 88' lang='lat' dir='ltr'>utriusque</span> 
     </span>
     <span class='ocr_line' id='line_1_14' title="bbox 44 1317 851 1390; baseline -0.004 -16"><span class='ocrx_word' id='word_1_94' title='bbox 44 1319 248 1390; x_wconf 71' lang='lat' dir='ltr'>(abrahamum</span> <span class='ocrx_word' id='word_1_95' title='bbox 260 1318 390 1390; x_wconf 83' lang='lat' dir='ltr'>seilicet),</span> <span class='ocrx_word' id='word_1_96' title='bbox 415 1318 489 1389; x_wconf 91' lang='lat' dir='ltr'>quod</span> <span class='ocrx_word' id='word_1_97' title='bbox 504 1326 650 1387; x_wconf 88' lang='lat' dir='ltr'>utramque</span> <span class='ocrx_word' id='word_1_98' title='bbox 664 1317 792 1372; x_wconf 88' lang='lat' dir='ltr'>virtutem</span> <span class='ocrx_word' id='word_1_99' title='bbox 806 1318 851 1371; x_wconf 92' lang='lat' dir='ltr'>in-</span> 
     </span>
     <span class='ocr_line' id='line_1_15' title="bbox 46 1390 850 1467; baseline -0.001 -19"><span class='ocrx_word' id='word_1_100' title='bbox 46 1394 208 1450; x_wconf 74' lang='lat' dir='ltr'>desinenter</span> <span class='ocrx_word' id='word_1_101' title='bbox 218 1410 251 1447; x_wconf 89' lang='lat' dir='ltr'>ae</span> <span class='ocrx_word' id='word_1_102' title='bbox 261 1390 299 1467; x_wconf 67' lang='grc' dir='ltr'>[Ἴ</span> <span class='ocrx_word' id='word_1_103' title='bbox 311 1393 434 1464; x_wconf 88' lang='lat' dir='ltr'>quotidie</span> <span class='ocrx_word' id='word_1_104' title='bbox 445 1390 571 1447; x_wconf 88' lang='lat' dir='ltr'>coneedit</span> <span class='ocrx_word' id='word_1_105' title='bbox 582 1392 607 1446; x_wconf 87' lang='lat' dir='ltr'>ei</span> <span class='ocrx_word' id='word_1_106' title='bbox 618 1391 700 1455; x_wconf 82' lang='lat' dir='ltr'>deus,</span> <span class='ocrx_word' id='word_1_107' title='bbox 718 1393 850 1447; x_wconf 77' lang='lat' dir='ltr'>scaturire</span> 
     </span>
     <span class='ocr_line' id='line_1_16' title="bbox 46 1465 850 1524; baseline -0.001 0"><span class='ocrx_word' id='word_1_108' title='bbox 46 1468 152 1524; x_wconf 83' lang='lat' dir='ltr'>faciens</span> <span class='ocrx_word' id='word_1_109' title='bbox 172 1470 203 1523; x_wconf 90' lang='lat' dir='ltr'>in</span> <span class='ocrx_word' id='word_1_110' title='bbox 222 1468 314 1523; x_wconf 89' lang='lat' dir='ltr'>anima</span> <span class='ocrx_word' id='word_1_111' title='bbox 333 1468 393 1523; x_wconf 89' lang='lat' dir='ltr'>eius</span> <span class='ocrx_word' id='word_1_112' title='bbox 412 1467 642 1522; x_wconf 78' lang='lat' dir='ltr'>abalienationem</span> <span class='ocrx_word' id='word_1_113' title='bbox 656 1484 671 1519; x_wconf 89' lang='lat' dir='ltr'>a</span> <span class='ocrx_word' id='word_1_114' title='bbox 686 1465 804 1521; x_wconf 84' lang='lat' dir='ltr'>falsitate</span> <span class='ocrx_word' id='word_1_115' title='bbox 823 1477 850 1523; x_wconf 88' lang='lat' dir='ltr'>at</span> 
     </span>
    </p>
   </div>
   <div class='ocr_carea' id='block_1_4' title="bbox 44 1542 849 1676">
    <p class='ocr_par' dir='ltr' id='par_1_4' title="bbox 44 1542 849 1676">
     <span class='ocr_line' id='line_1_17' title="bbox 44 1542 849 1616; baseline 0 -18"><span class='ocrx_word' id='word_1_116' title='bbox 44 1545 200 1609; x_wconf 89' lang='lat' dir='ltr'>iniustitia,</span> <span class='ocrx_word' id='word_1_117' title='bbox 219 1542 433 1599; x_wconf 80' lang='lat' dir='ltr'>familiaritatem</span> <span class='ocrx_word' id='word_1_118' title='bbox 446 1560 513 1598; x_wconf 85' lang='lat' dir='ltr'>vero</span> <span class='ocrx_word' id='word_1_119' title='bbox 528 1559 593 1616; x_wconf 80' lang='lat' dir='ltr'>ergo</span> <span class='ocrx_word' id='word_1_120' title='bbox 607 1542 750 1599; x_wconf 81' lang='lat' dir='ltr'>veritatem</span> <span class='ocrx_word' id='word_1_121' title='bbox 763 1552 790 1598; x_wconf 88' lang='lat' dir='ltr'>et</span> <span class='ocrx_word' id='word_1_122' title='bbox 804 1544 849 1598; x_wconf 91' lang='lat' dir='ltr'>iu-</span> 
     </span>
     <span class='ocr_line' id='line_1_18' title="bbox 45 1622 585 1676; baseline 0.002 -2"><span class='ocrx_word' id='word_1_123' title='bbox 45 1622 160 1676; x_wconf 88' lang='lat' dir='ltr'>stitiam.</span> <span class='ocrx_word' id='word_1_124' title='bbox 572 1641 585 1652; x_wconf 95' lang='lat'>·</span> 
     </span>
    </p>
   </div>
   <div class='ocr_carea' id='block_1_5' title="bbox 101 1784 796 1917">
    <p class='ocr_par' dir='ltr' id='par_1_5' title="bbox 101 1784 796 1917">
     <span class='ocr_line' id='line_1_19' title="bbox 101 1784 796 1850; baseline -0.003 -13"><span class='ocrx_word' id='word_1_125' title='bbox 101 1785 169 1845; x_wconf 74' lang='lat' dir='ltr'>Quid</span> <span class='ocrx_word' id='word_1_126' title='bbox 184 1796 219 1836; x_wconf 82' lang='lat' dir='ltr'>est</span> <span class='ocrx_word' id='word_1_127' title='bbox 238 1784 365 1850; x_wconf 62' lang='lat' dir='ltr'>„Ouum</span> <span class='ocrx_word' id='word_1_128' title='bbox 379 1785 461 1850; x_wconf 80' lang='lat' dir='ltr'>puello</span> <span class='ocrx_word' id='word_1_129' title='bbox 479 1785 571 1836; x_wconf 78' lang='lat' dir='ltr'>donam</span> <span class='ocrx_word' id='word_1_130' title='bbox 588 1785 703 1836; x_wconf 58' lang='lat' dir='ltr'>mallant</span> <span class='ocrx_word' id='word_1_131' title='bbox 724 1785 796 1835; x_wconf 71' lang='lat' dir='ltr'>matri</span> 
     </span>
     <span class='ocr_line' id='line_1_20' title="bbox 332 1855 567 1917; baseline 0.009 -15"><span class='ocrx_word' id='word_1_132' title='bbox 332 1856 429 1902; x_wconf 60' lang='lat' dir='ltr'>masaa</span> <span class='ocrx_word' id='word_1_133' title='bbox 448 1858 501 1917; x_wconf 83' lang='lat'>(24,</span> <span class='ocrx_word' id='word_1_134' title='bbox 512 1855 567 1914; x_wconf 81' lang='lat' dir='ltr'>aa.)</span> 
     </span>
    </p>
   </div>
   <div class='ocr_carea' id='block_1_6' title="bbox 47 1970 850 2775">
    <p class='ocr_par' dir='ltr' id='par_1_6' title="bbox 47 1970 850 2775">
     <span class='ocr_line' id='line_1_21' title="bbox 103 1970 850 2045; baseline -0.004 -17"><span class='ocrx_word' id='word_1_135' title='bbox 103 1977 164 2028; x_wconf 74' lang='grc'>146.</span> <span class='ocrx_word' id='word_1_136' title='bbox 188 1973 311 2045; x_wconf 80' lang='lat' dir='ltr'>Benigne</span> <span class='ocrx_word' id='word_1_137' title='bbox 331 1981 373 2026; x_wconf 88' lang='lat' dir='ltr'>est</span> <span class='ocrx_word' id='word_1_138' title='bbox 386 1973 477 2027; x_wconf 89' lang='lat' dir='ltr'>anima</span> <span class='ocrx_word' id='word_1_139' title='bbox 496 1971 646 2026; x_wconf 86' lang='lat' dir='ltr'>virtutibus</span> <span class='ocrx_word' id='word_1_140' title='bbox 663 1970 800 2043; x_wconf 80' lang='lat' dir='ltr'>praedita,</span> <span class='ocrx_word' id='word_1_141' title='bbox 823 1980 850 2025; x_wconf 90' lang='lat' dir='ltr'>et</span> 
     </span>
     <span class='ocr_line' id='line_1_22' title="bbox 47 2046 849 2118; baseline -0.002 -16"><span class='ocrx_word' id='word_1_142' title='bbox 47 2057 150 2104; x_wconf 90' lang='lat' dir='ltr'>statum</span> <span class='ocrx_word' id='word_1_143' title='bbox 164 2047 290 2118; x_wconf 87' lang='lat' dir='ltr'>possidet</span> <span class='ocrx_word' id='word_1_144' title='bbox 307 2048 427 2102; x_wconf 88' lang='lat' dir='ltr'>maxime</span> <span class='ocrx_word' id='word_1_145' title='bbox 447 2046 649 2101; x_wconf 89' lang='lat' dir='ltr'>immutabilem</span> <span class='ocrx_word' id='word_1_146' title='bbox 667 2053 849 2100; x_wconf 86' lang='lat' dir='ltr'>constantem-</span> 
     </span>
     <span class='ocr_line' id='line_1_23' title="bbox 47 2120 849 2194; baseline -0.005 -16"><span class='ocrx_word' id='word_1_147' title='bbox 47 2140 111 2194; x_wconf 89' lang='lat' dir='ltr'>que.</span> <span class='ocrx_word' id='word_1_148' title='bbox 132 2122 227 2189; x_wconf 84' lang='lat' dir='ltr'>Quum</span> <span class='ocrx_word' id='word_1_149' title='bbox 237 2123 312 2178; x_wconf 90' lang='lat' dir='ltr'>enim</span> <span class='ocrx_word' id='word_1_150' title='bbox 322 2123 422 2178; x_wconf 88' lang='lat' dir='ltr'>sentiat</span> <span class='ocrx_word' id='word_1_151' title='bbox 432 2122 563 2193; x_wconf 88' lang='lat' dir='ltr'>aliquem,</span> <span class='ocrx_word' id='word_1_152' title='bbox 574 2120 649 2191; x_wconf 91' lang='lat' dir='ltr'>quod</span> <span class='ocrx_word' id='word_1_153' title='bbox 658 2137 713 2175; x_wconf 89' lang='lat' dir='ltr'>non</span> <span class='ocrx_word' id='word_1_154' title='bbox 722 2130 764 2176; x_wconf 88' lang='lat' dir='ltr'>est</span> <span class='ocrx_word' id='word_1_155' title='bbox 773 2120 849 2175; x_wconf 82' lang='lat' dir='ltr'>illico</span> 
     </span>
     <span class='ocr_line' id='line_1_24' title="bbox 48 2194 850 2268; baseline -0.005 -16"><span class='ocrx_word' id='word_1_156' title='bbox 48 2197 216 2253; x_wconf 84' lang='lat' dir='ltr'>saturandus</span> <span class='ocrx_word' id='word_1_157' title='bbox 223 2196 380 2261; x_wconf 89' lang='lat' dir='ltr'>studiosus,</span> <span class='ocrx_word' id='word_1_158' title='bbox 402 2197 451 2252; x_wconf 88' lang='lat' dir='ltr'>sed</span> <span class='ocrx_word' id='word_1_159' title='bbox 466 2196 561 2250; x_wconf 87' lang='lat' dir='ltr'>firmus</span> <span class='ocrx_word' id='word_1_160' title='bbox 575 2213 606 2249; x_wconf 88' lang='lat' dir='ltr'>ao</span> <span class='ocrx_word' id='word_1_161' title='bbox 621 2194 726 2259; x_wconf 89' lang='lat' dir='ltr'>fidelis,</span> <span class='ocrx_word' id='word_1_162' title='bbox 747 2195 850 2268; x_wconf 80' lang='lat' dir='ltr'>gaudet</span> 
     </span>
     <span class='ocr_line' id='line_1_25' title="bbox 48 2269 850 2336; baseline -0.004 -10"><span class='ocrx_word' id='word_1_163' title='bbox 48 2282 73 2327; x_wconf 89' lang='lat' dir='ltr'>et</span> <span class='ocrx_word' id='word_1_164' title='bbox 87 2272 215 2336; x_wconf 76' lang='lat' dir='ltr'>festinat,</span> <span class='ocrx_word' id='word_1_165' title='bbox 231 2273 270 2327; x_wconf 90' lang='lat' dir='ltr'>ita</span> <span class='ocrx_word' id='word_1_166' title='bbox 282 2281 378 2327; x_wconf 89' lang='lat' dir='ltr'>utnon</span> <span class='ocrx_word' id='word_1_167' title='bbox 388 2270 585 2327; x_wconf 86' lang='lat' dir='ltr'>feratlaetitiae</span> <span class='ocrx_word' id='word_1_168' title='bbox 595 2270 782 2335; x_wconf 81' lang='lat' dir='ltr'>velocitatem,</span> <span class='ocrx_word' id='word_1_169' title='bbox 800 2269 850 2324; x_wconf 88' lang='lat' dir='ltr'>sed</span> 
     </span>
     <span class='ocr_line' id='line_1_26' title="bbox 50 2344 847 2418; baseline -0.004 -17"><span class='ocrx_word' id='word_1_170' title='bbox 50 2349 158 2402; x_wconf 89' lang='lat' dir='ltr'>nuntiet</span> <span class='ocrx_word' id='word_1_171' title='bbox 183 2364 364 2418; x_wconf 88' lang='lat' dir='ltr'>peromnem</span> <span class='ocrx_word' id='word_1_172' title='bbox 383 2357 534 2401; x_wconf 90' lang='lat' dir='ltr'>maternam</span> <span class='ocrx_word' id='word_1_173' title='bbox 554 2344 666 2399; x_wconf 89' lang='lat' dir='ltr'>domum</span> <span class='ocrx_word' id='word_1_174' title='bbox 686 2346 847 2415; x_wconf 74' lang='lat' dir='ltr'>sapientiae,</span> 
     </span>
     <span class='ocr_line' id='line_1_27' title="bbox 48 2419 849 2493; baseline -0.005 -18"><span class='ocrx_word' id='word_1_175' title='bbox 48 2438 101 2475; x_wconf 90' lang='lat' dir='ltr'>una</span> <span class='ocrx_word' id='word_1_176' title='bbox 117 2438 183 2475; x_wconf 89' lang='lat' dir='ltr'>cum</span> <span class='ocrx_word' id='word_1_177' title='bbox 199 2422 290 2476; x_wconf 89' lang='lat' dir='ltr'>sobria</span> <span class='ocrx_word' id='word_1_178' title='bbox 304 2421 474 2493; x_wconf 89' lang='lat' dir='ltr'>honestaque</span> <span class='ocrx_word' id='word_1_179' title='bbox 489 2419 638 2475; x_wconf 82' lang='lat' dir='ltr'>festivitate</span> <span class='ocrx_word' id='word_1_180' title='bbox 658 2419 849 2474; x_wconf 83' lang='lat' dir='ltr'>exsultationis</span> 
     </span>
     <span class='ocr_line' id='line_1_28' title="bbox 50 2492 847 2568; baseline -0.005 -20"><span class='ocrx_word' id='word_1_181' title='bbox 50 2505 75 2548; x_wconf 85' lang='lat' dir='ltr'>et</span> <span class='ocrx_word' id='word_1_182' title='bbox 87 2495 206 2567; x_wconf 87' lang='lat' dir='ltr'>tripudii</span> <span class='ocrx_word' id='word_1_183' title='bbox 222 2503 306 2568; x_wconf 85' lang='lat' dir='ltr'>atque</span> <span class='ocrx_word' id='word_1_184' title='bbox 322 2497 436 2551; x_wconf 88' lang='lat' dir='ltr'>caeteris</span> <span class='ocrx_word' id='word_1_185' title='bbox 450 2492 628 2549; x_wconf 89' lang='lat' dir='ltr'>abundantiis</span> <span class='ocrx_word' id='word_1_186' title='bbox 639 2492 847 2564; x_wconf 86' lang='lat' dir='ltr'>hospitalitatis:</span> 
     </span>
     <span class='ocr_line' id='line_1_29' title="bbox 50 2565 847 2644; baseline -0.01 -19"><span class='ocrx_word' id='word_1_187' title='bbox 50 2586 119 2640; x_wconf 88' lang='lat' dir='ltr'>quae</span> <span class='ocrx_word' id='word_1_188' title='bbox 129 2571 223 2626; x_wconf 90' lang='lat' dir='ltr'>omnia</span> <span class='ocrx_word' id='word_1_189' title='bbox 232 2572 305 2636; x_wconf 88' lang='lat' dir='ltr'>illis,</span> <span class='ocrx_word' id='word_1_190' title='bbox 327 2573 376 2643; x_wconf 89' lang='lat' dir='ltr'>qui</span> <span class='ocrx_word' id='word_1_191' title='bbox 386 2571 539 2644; x_wconf 78' lang='lat' dir='ltr'>genuinum</span> <span class='ocrx_word' id='word_1_192' title='bbox 552 2569 654 2624; x_wconf 88' lang='lat' dir='ltr'>babent</span> <span class='ocrx_word' id='word_1_193' title='bbox 668 2565 847 2626; x_wconf 81' lang='lat' dir='ltr'>desiderium,</span> 
     </span>
     <span class='ocr_line' id='line_1_30' title="bbox 51 2637 850 2717; baseline -0.009 -20"><span class='ocrx_word' id='word_1_194' title='bbox 51 2644 232 2710; x_wconf 87' lang='lat' dir='ltr'>demonstrat,</span> <span class='ocrx_word' id='word_1_195' title='bbox 248 2653 280 2702; x_wconf 90' lang='lat' dir='ltr'>ut</span> <span class='ocrx_word' id='word_1_196' title='bbox 293 2655 320 2702; x_wconf 87' lang='lat' dir='ltr'>et</span> <span class='ocrx_word' id='word_1_197' title='bbox 336 2645 478 2702; x_wconf 86' lang='lat' dir='ltr'>audientes</span> <span class='ocrx_word' id='word_1_198' title='bbox 488 2643 639 2717; x_wconf 81' lang='lat' dir='ltr'>gaudeant,</span> <span class='ocrx_word' id='word_1_199' title='bbox 657 2651 683 2695; x_wconf 87' lang='lat' dir='ltr'>et</span> <span class='ocrx_word' id='word_1_200' title='bbox 694 2637 850 2708; x_wconf 79' lang='lat' dir='ltr'>congaude-</span> 
     </span>
     <span class='ocr_line' id='line_1_31' title="bbox 52 2719 174 2775; baseline -0.008 -2"><span class='ocrx_word' id='word_1_201' title='bbox 52 2728 96 2775; x_wconf 85' lang='lat' dir='ltr'>ant</span> <span class='ocrx_word' id='word_1_202' title='bbox 105 2719 174 2774; x_wconf 86' lang='lat' dir='ltr'>sibi.</span> 
     </span>
    </p>
   </div>
   <div class='ocr_carea' id='block_1_7' title="bbox 0 0 1032 3100">
    <p class='ocr_par' dir='ltr' id='par_1_7' title="bbox 0 0 1032 3100">
     <span class='ocr_line' id='line_1_32' title="bbox 0 0 1032 3100; baseline 0 0"><span class='ocrx_word' id='word_1_203' title='bbox 0 0 1032 3100; x_wconf 95' lang='lat' dir='ltr'> </span> 
     </span>
    </p>
   </div>
  </div>
 </body>
</html>
