2050 3100
147 133 179 186 lt
272 136 373 182 PHIL.
391 135 467 181 IUD.
487 133 649 193 Quantam.
668 135 718 179 ET
741 135 819 180 soL.
839 130 963 200 [Inita]

146 237 214 293 riles
223 235 374 291 sententias
384 242 415 289 ut
425 234 494 289 lacte
506 233 615 298 fovens,
633 233 754 300 adultas,
772 236 961 309 imperfectas
1016 279 1017 314 3

145 321 252 375 tamen,
269 309 417 365 exhortans
428 309 463 363 ad
472 309 641 380 profectum,
658 317 806 366 rectavero
816 329 960 384 ramper-

145 394 259 459 agentes
272 383 356 438 laude
370 400 555 454 prosequens,
581 383 782 440 rebellantibus
800 394 893 441 autem
909 395 958 443 ta·
1016 432 1017 442 ,

145 460 272 516 merariis
281 457 407 514 fraenum
420 458 566 529 imponens
583 475 634 529 per
647 458 826 530 disciplinam
841 477 873 516 ac
888 477 957 516 ocr-
1016 459 1017 526 ,

145 535 309 607 reptionem.
325 548 328 550 ’
348 531 484 598 Quoniam
497 540 595 604 optans
610 532 783 588 divinitatem
798 535 903 590 imitari
915 537 953 592 ah
1016 529 1017 540 ¹

146 608 274 671 eiusdem
292 607 444 663 virtutibus
463 607 587 668 benefica
607 616 633 662 et
652 607 751 663 ultrice
770 617 913 680 tamquam
934 629 953 666 a
1016 609 1017 614 ’

146 683 270 739 lontibus
285 682 427 753 duplicem
437 680 616 736 effluxionem
626 683 744 754 recepit,
766 699 830 756 erga
841 683 952 740 dociles
1016 681 1017 738 ζ

144 757 356 814 beneficentiam
366 765 394 811 et
402 755 466 828 erga
476 755 595 811 rebelles
606 757 830 829 increpationem,
841 766 872 813 ut
881 761 952 830 qui·
1016 817 1017 840 ¹

146 833 210 888 dam
220 830 360 895 laudibus,
373 831 421 885 alii
431 830 659 902 castigationibus
668 831 825 903 proficiant;
843 835 951 889 etenim
1016 881 1017 902 ,

95 943 103 952 ι
144 908 196 978 qui
205 908 308 962 virtute
319 905 419 979 fulget,
431 905 485 960 late
495 912 522 959 et
533 920 620 975 aeque
629 914 719 978 potest
728 908 835 964 cunctis
844 925 949 964 secun·
1016 907 1017 910 ’

145 981 213 1036 dnm
224 980 381 1039 facultatem
390 997 469 1038 suam
478 979 620 1051 prodesse.

189 1139 227 1206 [Ἴ
249 1138 314 1197 Quid
329 1150 364 1191 eat
382 1137 463 1203 „Non
478 1140 602 1190 vocabitur
618 1156 700 1190 nomen
719 1150 781 1190 mam
797 1141 899 1204 Abram,

246 1208 292 1259 aad
306 1208 430 1258 Adrnltatn
448 1209 493 1258 erit
509 1223 593 1256 nomen
610 1211 713 1256 tuum“?
735 1211 789 1272 (17,
805 1210 842 1268 5.)

202 1312 245 1365 l3.
274 1309 392 1376 Quidam
410 1326 446 1364 ex
464 1308 604 1364 destitutis
623 1325 638 1362 a
653 1309 759 1364 musica
779 1308 941 1380 choreaque,

144 1385 231 1439 immo
244 1401 281 1437 ex
297 1384 462 1438 inconsultis
476 1391 502 1438 et
517 1401 531 1437 a
545 1383 641 1439 divino
651 1382 734 1438 choro
744 1384 941 1450 resilientibus,

144 1456 354 1512 immaculatum
367 1464 463 1511 natura
478 1456 579 1529 (entem
588 1458 633 1513 vel
644 1457 806 1531 sapientem)
817 1458 941 1525 irrident,

145 1532 270 1587 dicentes
283 1547 347 1585 cum
357 1531 508 1602 vituperio:
534 1530 557 1588 Ο
571 1548 703 1605 magnum
718 1532 834 1589 donuml
861 1552 944 1591 unam
1016 1566 1017 1569 =

145 1607 265 1662 litteram
276 1607 411 1661 concessit
420 1607 615 1662 universorum
625 1608 684 1662 dux
694 1616 720 1662 et
730 1608 873 1673 dominus,
889 1626 944 1681 qua

144 1698 245 1737 nomen
255 1680 425 1752 patriarchae
438 1696 564 1735 crescens
573 1683 667 1754 magni
678 1682 744 1747 fuit,
756 1691 786 1737 ut
796 1700 846 1754 pro
856 1684 944 1757 disyl-

145 1756 209 1811 laba
227 1754 371 1827 trisyllaba
390 1754 476 1809 lieret.
517 1754 540 1810 0
558 1772 686 1829 magnam
705 1757 943 1813 cacodaemoniam

145 1831 384 1902 impietatemque,
404 1830 430 1883 si
445 1829 548 1885 audent
560 1830 675 1902 qnidam
689 1832 724 1887 de
737 1831 789 1887 deo
799 1832 944 1889 detractio-

144 1921 209 1959 nem
227 1903 416 1969 introducere,
440 1903 550 1975 decepti
569 1905 716 1977 superlicio
735 1908 868 1973 nominis,
893 1908 943 1963 ubi

144 1978 287 2050 oportebat
306 1988 426 2033 mentmn
444 1979 474 2033 in
493 1977 630 2050 profunda
644 1982 807 2045 immittere,
827 1983 943 2037 interius

143 2070 189 2107 res
204 2055 279 2125 ipsas
294 2053 459 2125 inquirendo
476 2054 512 2109 ob
528 2071 621 2109 veram
640 2056 859 2128 magnitudinem
877 2070 943 2129 pos-

143 2128 290 2182 sessionis!
315 2128 427 2183 Adhaac
436 2137 463 2183 et
474 2130 592 2184 litteram
603 2146 774 2195 concessam,
792 2132 844 2185 etsi
854 2131 943 2186 levem

144 2220 177 2257 ac
190 2200 314 2267 facilem,
334 2220 420 2274 quare
434 2203 636 2275 providentiam
656 2220 710 2259 non
725 2206 872 2276 reputatis,
893 2222 944 2261 ne-

143 2278 331 2349 quepretium
341 2279 402 2333 eius
412 2276 588 2350 ponderatis?
614 2278 760 2351 Siquidem
776 2288 838 2334 ante
851 2282 944 2335 omnia

142 2352 266 2424 primum
276 2352 443 2408 elementum
453 2352 579 2408 litteralis
589 2354 665 2409 vocis
676 2362 718 2409 est
726 2354 758 2419 l,
770 2362 829 2408 tam·
835 2353 941 2421 ordine,

142 2442 228 2497 quam
247 2428 361 2483 virtute.
400 2428 528 2483 Secundo
548 2428 630 2481 etiarn
649 2429 744 2483 vocale
763 2431 791 2483 'et
806 2428 943 2483 vocalium

142 2502 279 2572 primum,
295 2503 460 2573 sicutcapnt
474 2501 718 2558 accommodatum.
758 2504 861 2569 Tertio,
877 2504 943 2575 quia

143 2592 197 2630 non
208 2594 244 2632 ex
252 2578 373 2648 propriis
385 2576 475 2649 longis
485 2584 543 2639 est,
564 2592 654 2647 neque
669 2594 704 2631 ex
717 2578 837 2647 propriis
850 2578 943 2633 brevi-

142 2648 211 2713 bus,
232 2650 283 2707 sed
297 2651 332 2706 de
347 2667 461 2706 numero
476 2666 584 2713 eorum,
605 2667 676 2721 quae
690 2658 839 2722 utrumque
856 2654 943 2708 conti-
