2050 3100
175 280 222 333 tta
390 265 575 333 rumonus
597 283 734 331 runnsr
869 278 901 344 [1,
911 278 963 343 in]

225 389 268 441 bb.
287 387 428 458 Equorum
438 393 529 441 autem
542 400 630 458 mnus
639 382 709 439 adeo
718 381 858 455 cupidum
869 390 912 439 est
920 384 963 439 hc

70 518 75 524 ,
171 462 260 526 noris,
281 470 312 517 ut
326 463 356 516 in
370 463 429 533 ipsa
444 461 500 515 iam
513 460 627 515 Graecia
642 468 723 529 atque
738 458 816 529 apud
826 458 960 521 barbaros,

170 537 244 593 sicut
256 536 428 599 hominibus,
446 536 485 590 ita
497 536 582 589 etiam
595 535 675 605 equis
689 534 817 587 certatim
832 535 961 589 currenti-

171 611 225 666 bus
238 612 393 682 praemium
403 617 564 681 apponatur.
602 609 636 663 Et
645 624 700 663 non
708 607 800 663 solum
812 608 844 663 in
856 610 962 663 minori-

171 686 224 740 bus
233 684 441 756 congressibus,
451 700 569 755 quorum
579 683 827 755 exiguaestratb,
844 684 961 739 sedetin

170 759 255 813 sacris
264 759 474 822 certaminibus,
494 757 529 813 ad
542 774 613 829 quaa
623 757 961 813 exorbetarrarumveni·

169 840 219 887 unt
227 834 413 905 oengregatim
421 833 456 887 ob
466 834 556 887 varias
566 832 736 887 necessitatis
745 832 959 903 species,.aliqul

170 915 279 979 propter
295 908 513 962 colluctationem
532 924 581 979 spe
602 907 744 969 victoriae,
766 906 888 977 quidam
907 923 961 962 vero

169 980 307 1037 desiderio
320 981 469 1053 spectaculi
483 980 592 1035 visendi
608 998 639 1035 ac
652 979 781 1035 nonnulli
795 980 834 1037 ob
846 983 961 1056 negotia·

137 1108 143 1119 ‚
169 1056 284 1124 tionem;
312 1058 442 1128 quoniam
459 1056 608 1127 paratiores
626 1063 689 1109 sunt
706 1054 867 1111 voluntates
886 1058 961 1112 adve-

169 1131 304 1187 nientium
319 1133 348 1186 in
361 1139 468 1185 coetum
478 1131 642 1195 solemnem,
663 1128 763 1201 pudori
778 1129 892 1188 ducunt
904 1130 959 1193 sihi.

170 1206 194 1260 si
204 1224 236 1263 eo
246 1207 349 1279 egressi
359 1206 429 1267 nihil
440 1206 469 1260 in
479 1204 592 1273 domum
602 1204 777 1260 adduxerint.

225 1333 268 1387 57.
288 1332 396 1403 Apertis
409 1331 502 1402 itaque
517 1330 635 1385 heroicis
649 1330 763 1385 theatris
778 1332 962 1404 cursibusque
999 1378 1000 1395 ,

169 1424 315 1480 equorum,
327 1406 401 1462 ludis
411 1405 577 1479 Olympicis‚
589 1406 744 1468 Nemeaeus,
756 1404 887 1478 Pythiis,
900 1408 962 1462 lsth·

169 1484 248 1547 miis‚
269 1498 417 1557 agasonum
429 1496 539 1553 quoque
552 1480 675 1535 studium
690 1479 786 1535 videre
800 1490 847 1537 est
858 1491 886 1537 et
896 1483 962 1537 diras

170 1576 249 1614 curas
259 1558 423 1620 ineffabiles,
439 1558 579 1628 impensas
589 1557 843 1627 sinaparsimonia,
860 1559 962 1614 stabula

169 1634 384 1688 construentium
393 1649 443 1703 pro
452 1632 541 1703 equis,
549 1630 625 1686 cibos
633 1631 789 1702 parentium
799 1631 964 1689 locantium·

169 1723 224 1778 que
242 1709 432 1762 exercitatores
450 1706 484 1771 (s.
505 1706 705 1779 instructores),
730 1707 781 1776 qui
800 1709 963 1764 animalium
996 1719 997 1726 ³

168 1780 339 1836 velocitatem
350 1783 500 1837 naturalem
515 1782 633 1836 excitent
646 1789 798 1852 acuantque
808 1799 865 1853 per
876 1800 964 1839 curam

168 1863 195 1910 et
214 1855 383 1911 alimentum.
431 1855 545 1922 Quando
566 1856 721 1911 certaminis
740 1865 857 1928 tempus
882 1860 962 1918 venit.

168 1930 279 1984 iamiam
288 1947 346 1984 rem
355 1931 451 1996 sentit,
465 1931 564 1984 videns
574 1931 639 1985 circi
650 1947 782 1996 carceres.
816 1931 964 2005 Undepri-
997 1921 998 1932 ¹

168 2021 244 2058 mum
253 2004 599 2060 irritaturadresiliendum
609 2005 738 2060 velociter
748 2004 883 2078 disrupto
894 2010 963 2063 clau·

168 2087 236 2142 stro,
258 2078 358 2134 deinde
373 2079 444 2135 foras
458 2081 575 2134 emissus
591 2081 680 2136 evolat
695 2088 775 2150 atque
792 2080 912 2155 longius
922 2100 962 2155 per
996 2133 997 2138 ,

169 2154 369 2228 longitudinem
379 2155 505 2210 festinato
515 2172 598 2211 cursu
608 2155 706 2228 satagit
715 2171 880 2226 properare.

223 2283 266 2336 58.
286 2281 356 2337 Ecce
370 2280 580 2336 nudiustertius
597 2281 697 2335 mirum
715 2283 915 2351 spectaculum
931 2281 961 2360 Γ]

166 2357 268 2411 multas
281 2357 421 2412 hominum
434 2354 572 2429 myriadas
586 2354 776 2426 obstupefecit.
807 2357 881 2415 Erat
895 2361 961 2416 enin
995 2363 996 2410 l

167 2439 303 2486 certamen
313 2432 507 2504 quadrigarum
518 2439 623 2502 septem
632 2431 870 2488 concurrentium.
902 2435 962 2492 Cae·

167 2507 233 2560 teris
247 2524 311 2578 ergo
326 2516 388 2577 post
401 2506 619 2570 remanentibus,
641 2504 711 2560 duae
724 2505 878 2564 velocitate
889 2527 962 2584 prae

166 2579 289 2633 valentes
307 2580 506 2634 contendebant
526 2597 612 2652 aequo
631 2588 729 2644 marte,
751 2582 863 2654 aurigis
886 2589 963 2643 etiam

165 2652 217 2730 etsi
228 2669 283 2704 non
291 2653 463 2722 corporibus.
485 2653 583 2708 saltem
593 2649 679 2708 animi
690 2653 767 2718 nisu,
783 2663 964 2725 quantumin

165 2736 206 2770 ers
220 2732 289 2785 erat,
308 2727 547 2792 concurrentibus3
579 2736 606 2782 at
620 2745 692 2781 unus
703 2737 798 2798 raptus
809 2733 964 2790 ambitione

164 2792 264 2845 cecidit
277 2795 351 2849 haud
365 2797 420 2851 sibi
434 2800 585 2853 conscius·
610 2803 687 2856 Tunc
701 2804 767 2875 equi
782 2799 916 2864 destituti
933 2809 964 2864 ab
