2050 3100
59 286 100 352 [11.
112 284 172 350 iii]
231 291 272 336 ΙΝ
293 292 472 338 GENESIN.
493 295 621 340 sentio
640 297 683 343 lv.
813 294 861 346 27i

57 389 167 446 dolosus
197 390 312 463 sibique
340 392 495 448 contrarius
524 402 551 449 et
579 396 690 452 rixosus
714 397 744 451 in
767 413 865 469 opere-

56 465 173 540 tione*)‚
191 467 359 538 cogitatione
373 476 399 522 et
414 469 509 523 verbo.
550 468 648 525 Viden'
667 471 771 543 itaque,
788 476 863 544 quod

54 541 136 596 simui
157 541 384 597 benedictionem
402 551 493 614 optut,
523 544 607 599 simui
628 553 720 601 eutem
739 548 860 616 invidet;

54 624 134 686 etque
154 616 242 672 simul
264 617 303 682 ei,
327 619 373 672 oui
392 617 509 681 invidit,
529 618 693 675 eonfinmere
711 624 862 679 orationem

53 699 113 746 voto
134 688 257 746 factm?
288 693 428 763 Numqui
448 692 531 748 dioit:
565 694 685 750 benedic
703 697 787 752 etism
806 717 860 763 me,

51 765 193 830 concedit,
215 765 293 837 qnod
307 774 334 822 st
346 767 391 822 ilii
405 768 465 823 iure
481 769 575 823 evenit
589 769 747 826 benedictio
763 771 800 848 [¹⁶]
817 792 862 828 ss-

51 841 176 896 onndnm
195 849 306 896 votum:
346 842 422 914 quod
441 851 533 898 temen
553 843 638 899 verbo
653 843 758 911 iussus,
779 865 861 920 opere

50 933 102 972 non
112 917 223 989 petitur
233 932 293 972 mos
303 918 432 988 proprius
443 919 534 990 magis
543 934 629 989 quem
639 919 730 977 bomo.
766 966 773 976 .

50 1073 97 1124 Ger
114 1072 242 1138 respondit
260 1073 304 1122 boe
322 1083 415 1124 tenore:
441 1074 568 1138 „Veniens
577 1077 662 1140 frater
675 1087 728 1128 mue
741 1095 791 1128 mem
806 1080 860 1130 doio

174 1142 270 1205 accepit
288 1141 469 1192 benedictionem
487 1146 591 1193 tuam
611 1149 666 1208 (st,
681 1147 738 1206 ³5.)

103 1247 168 1301 228.
181 1242 269 1313 Atqui
279 1243 303 1296 si
313 1247 495 1311 [ratcduteoter
505 1244 675 1317 accepit**),
691 1245 794 1301 dixerit
804 1246 860 1301 ior-

46 1327 71 1373 te
86 1320 263 1390 quisquam„
294 1333 350 1372 non
366 1318 518 1373 laudabilis
533 1329 601 1375 erat.
639 1319 783 1386 Quomodo
793 1337 859 1392 ergo

46 1395 161 1456 asserit,
181 1392 293 1447 dicens:
324 1392 384 1448 Erit
398 1394 566 1450 benedictus?
590 1394 734 1450 Caeterum
747 1394 859 1450 videtur

45 1469 197 1542 designare
208 1466 388 1539 perdicium,
411 1467 486 1541 quod
497 1486 552 1553 non
562 1469 653 1525 omnis
664 1468 857 1526 fraudulentus

95 1610 118 1658 ι)
137 1609 223 1649 (lodda
245 1608 426 1657 emptionibus.
444 1610 517 1657 litem
543 1612 581 1651 sed
597 1613 697 1661 suspicor
713 1612 778 1653 simili
794 1622 858 1653 voes-

45 1662 95 1700 bulo
112 1660 178 1700 Arm.
196 1660 313 1708 legendnm
329 1666 377 1699 esto
394 1662 499 1709 operibus.
534 1662 652 1711 Postquam
668 1665 699 1703 sie
721 1664 856 1710 indicassem,

45 1713 117 1751 inveni
131 1712 200 1751 mem
214 1708 422 1759 spndAnonymnm
435 1712 495 1751 bet:
518 1714 649 1762 tempesto.
675 1713 756 1753 Aueb.

95 1778 132 1825 ⁸⁵)
148 1776 184 1817 ci,
197 1786 265 1825 supro
277 1776 325 1817 Vni.
339 1777 377 1817 vt.
387 1788 412 1825 p.
426 1779 489 1818 titis.

46 1996 186 2051 dictiones
197 1994 347 2065 appetivit,
366 1996 397 2051 in
407 1993 533 2067 idipsum
542 1998 681 2055 invidiose
694 2010 798 2068 motus,
815 2014 858 2059 st-

45 2080 138 2126 tamen
162 2070 192 2123 in
213 2068 275 2123 viso
294 2068 437 2125 confirmat
458 2079 536 2136 vote,
566 2090 705 2131 asserens:
737 2078 857 2134 Benedio

46 2148 129 2201 etiem
139 2161 187 2199 me
197 2151 289 2215 peter,
308 2153 450 2215 tamquam
459 2154 487 2201 et
496 2146 541 2202 iiii
552 2148 624 2204 iuste
633 2151 768 2222 optendo‘,
784 2170 856 2225 quse

46 2232 138 2275 temen
150 2235 199 2274 ore
210 2219 401 2276 tantummodo
410 2220 569 2288 confitetur,
589 2242 647 2278 rem
661 2234 753 2282 eutem
765 2230 856 2299 ipssm

48 2297 107 2351 sine
120 2294 323 2365 eompromisso
336 2294 519 2368 subscripsit,
539 2300 600 2353 suis
610 2301 736 2357 moribus
745 2302 856 2359 satisfe-

49 2386 134 2425 mens.
769 2394 777 2407 ·

92 2491 175 2551 Quare
195 2491 270 2541 dixit.-
294 2491 451 2557 „Respondit
467 2494 517 2543 sic:
543 2496 643 2549 Vem'ots
655 2500 740 2563 frater
760 2511 812 2551 tuse

160 2575 213 2609 cum
232 2556 300 2621 doto,
325 2561 417 2627 accepit
438 2561 621 2613 benedictionem
640 2569 746 2616 tsom“t

103 2664 166 2719 228.
185 2658 266 2726 Quod
275 2661 301 2714 si
312 2678 370 2716 eum
378 2664 438 2717 doio
446 2664 571 2730 tulisset,
594 2684 695 2737 nempe
703 2666 855 2722 nonnullus

50 2736 136 2799 dieat,
152 2751 207 2789 non
219 2750 281 2789 esse
291 2734 441 2792 laudabile.
479 2738 554 2805 Quid
568 2757 634 2813 ergo
645 2741 759 2795 adiecit:
777 2742 856 2794 Rose-

49 2814 135 2867 dtetus
144 2807 214 2865 en'ti
224 2808 339 2867 Videtur
349 2812 422 2867 enim
433 2814 614 2886 subsignare,
624 2816 691 2885 quie
702 2831 757 2869 non
765 2815 856 2869 omnis
