2050 3100
158 238 205 303 lea
237 256 338 301 arira.
356 255 430 300 run.
451 254 676 313 Quorsum
696 255 774 299 son.
787 217 960 319 [uastare]

156 357 326 429 principium
340 354 370 411 fit
384 362 507 410 naturae.
546 354 624 409 Nulli
638 355 733 425 itaque
750 363 828 410 antea
843 359 961 428 exponit

156 432 264 487 itineris
279 439 351 494 acta,
373 430 422 484 sed
437 430 488 484 uni
503 430 559 499 ipsi
574 430 637 484 soli.
676 431 736 484 Non
751 446 816 503 ergo
829 430 959 485 homines

158 505 195 581 [Ἴ
203 506 352 576 putabunt,
365 505 493 560 mortales
503 504 638 576 quasdam
648 521 708 558 esse
719 506 909 576 quaestiones,
922 506 959 560 de

155 581 259 653 quibus
269 580 444 635 sciscitantur
453 580 526 634 inter
536 596 582 643 se,
604 578 654 634 sed
664 578 795 635 informes
804 579 882 635 ideas
897 582 959 651 spi-

155 658 225 711 ritus
246 654 439 727 inquisitaa*)‚
460 670 531 725 quas
548 661 656 724 coaptat
670 654 818 725 sapientia,
839 664 871 709 ut
884 656 959 710 inter

156 748 186 785 se
196 730 388 801 aequalitatem
403 738 484 800 atque
494 729 625 782 unionem
636 726 751 798 faoiant;
772 730 866 801 plures
880 732 958 785 euim

155 821 243 860 unum
254 813 280 860 et
290 805 361 862 varii
371 806 485 859 unioum
495 804 597 858 imitati
607 811 682 858 sunt.

159 980 239 1038 Quare
257 998 304 1031 noa
323 982 348 1031 in
363 982 454 1046 patria,
485 980 531 1029 aad
549 982 633 1031 motrtir
651 981 742 1030 domum
760 982 849 1031 intrare
866 980 956 1030 didtur

221 1049 295 1099 Isaac
314 1066 361 1113 pro
388 1048 550 1097 matrimonio.-
585 1058 689 1098 attamen
715 1048 838 1098 mtiku'm
858 1048 884 1097 ia
906 1064 958 1097 aaa
1005 1108 1009 1110 λ

222 1116 290 1166 domo
309 1117 476 1167 habitaverant
493 1115 544 1165 itta
573 1120 627 1179 (24,
638 1116 693 1179 67.)

213 1238 270 1291 lle.
292 1235 345 1303 Qui
365 1253 430 1291 sane
450 1236 569 1290 litteram
583 1234 654 1288 scire
670 1252 701 1289 ae
715 1235 831 1294 scrutari
845 1234 954 1299 volunt,

154 1311 247 1367 dicent
257 1310 395 1375 fortassis,
417 1305 506 1382 quod,
528 1308 595 1380 quia
604 1317 681 1380 pater
691 1310 752 1365 eius
763 1309 862 1364 multas
873 1308 957 1364 duxit

154 1388 209 1441 sibi
223 1404 337 1450 uxores,
356 1382 511 1441 virtualiter
525 1383 626 1438 multas
640 1401 751 1457 quoque
761 1384 855 1440 domos
865 1384 956 1439 habe-

153 1469 204 1515 ret.
242 1462 344 1514 Domus
355 1462 429 1514 enim
440 1477 494 1515 non
504 1459 595 1513 solum
605 1458 763 1514 aedificium
773 1460 888 1523 dicitur,
904 1458 955 1514 sed

154 1553 189 1589 ex
198 1536 259 1589 viro
269 1542 296 1588 et
305 1534 422 1589 muliera
433 1552 465 1589 ao
474 1534 541 1590 filiis
552 1542 713 1591 conventus.
742 1535 793 1592 llla
802 1552 867 1591 vero
877 1533 956 1608 (Sar-

153 1607 242 1680 ra)**)
256 1624 345 1679 usque
360 1609 395 1663 ad
410 1610 492 1663 finem
505 1611 658 1681 permansit
677 1628 741 1665 oum
760 1611 877 1682 coniuge
897 1611 956 1666 sibi

153 1683 258 1738 adscito
269 1701 284 1737 a
294 1683 453 1754 virginitate
463 1701 523 1747 sua,
535 1694 702 1757 quapropter
712 1693 739 1740 et
747 1702 831 1740 uuam
839 1685 956 1740 domurn

152 1759 255 1814 habere
265 1765 389 1828 putatur:
411 1758 548 1830 numquid
561 1762 622 1814 visa
637 1768 679 1815 est
692 1769 815 1832 separata
830 1769 858 1815 et
866 1761 956 1815 alium

153 1830 347 1906 despondens?
369 1831 486 1899 Quidam
506 1843 598 1889 tamen
611 1837 701 1907 magis
715 1835 874 1891 naturaliter
889 1836 956 1891 red-

115 1906 122 1918 '
153 1907 221 1962 dens
231 1908 364 1962 rationem
375 1907 458 1963 huius
470 1908 522 1963 loci
537 1908 667 1982 allegoria
682 1927 750 1964 usus
764 1919 818 1970 est.
839 1910 952 1966 dicens:

153 1982 289 2049 Quoniam
298 1990 385 2037 mater
394 1982 471 2038 illius
482 1986 532 2057 qui
542 2000 592 2056 per
602 2001 632 2039 se
643 1985 755 2040 edoctus
766 1985 827 2049 fuit,
839 1987 956 2057 sapien-

152 2059 190 2113 tia
201 2065 242 2112 est
252 2065 337 2112 matre
349 2075 457 2123 carens,
480 2059 564 2113 huius
579 2067 681 2114 rectam
695 2061 829 2115 rationem
839 2061 956 2133 symbo-

152 2132 205 2188 lioe
216 2132 329 2187 domurn
340 2134 491 2205 appellavit
499 2135 530 2187 in
541 2133 693 2190 thalamum
703 2135 729 2189 ei
739 2143 886 2201 mutatam,
903 2153 955 2207 pro

152 2207 298 2262 eoncordia
317 2207 537 2281 desponsationis
554 2206 591 2283 [*]
611 2218 638 2264 et
657 2209 864 2281 adaequationis
886 2212 954 2266 edo-

152 2292 211 2338 otae
220 2299 270 2354 per
280 2300 310 2336 se
320 2283 411 2355 gentis
423 2301 485 2338 oum
495 2300 605 2355 semper
615 2285 725 2357 virgine
733 2287 950 2356 perseverantia,

151 2375 165 2411 a
176 2358 256 2412 euius
268 2374 358 2412 amore
369 2375 506 2432 nusquam
519 2359 556 2414 sit
565 2359 634 2415 mihi
645 2368 763 2415 tessare.

201 2534 222 2582 ²)
240 2533 275 2574 Slo
284 2535 402 2582 exprimere
411 2544 456 2573 rem
462 2534 563 2574 videntur
572 2535 634 2574 codd.
645 2534 690 2583 CI),
704 2536 742 2575 aad
751 2536 812 2575 iuxta
819 2534 839 2574 A
848 2536 911 2576 aliter
920 2537 951 2575 ln·

150 2585 255 2633 telligitnr
267 2583 309 2624 hoe
322 2587 407 2624 tenore:
424 2585 470 2624 Non
482 2587 573 2624 aomina
582 2587 674 2634 parma
685 2590 733 2626 runt
741 2587 850 2632 mortotm
865 2588 904 2635 qur·
911 2588 952 2626 aei-

150 2637 265 2674 scr'tontur.
277 2662 283 2674 .
294 2661 299 2673 .
309 2636 443 2684 inquirentes.
464 2633 551 2684 Anceps
559 2639 593 2674 est
602 2640 624 2674 at
632 2646 724 2684 sequena
733 2637 844 2685 periodus.
869 2636 950 2676 Anah.

200 2700 235 2748 ”l
250 2701 306 2750 Quia
318 2712 362 2741 vox
373 2699 434 2740 Arm.
448 2707 515 2750 aeque
528 2705 591 2741 sonat
602 2703 637 2741 aa
650 2704 715 2751 utque
723 2704 772 2750 alta,
786 2706 806 2744 al
816 2704 843 2744 ad
852 2705 951 2744 haecum

148 2751 185 2788 rel
198 2752 225 2789 ad
237 2751 385 2790 Abrahamum
397 2753 499 2800 respiciat
510 2753 610 2798 verbum,
629 2754 740 2800 mouentia
752 2755 828 2797 eodem
840 2757 906 2796 modo
918 2765 951 2795 re·

150 2801 246 2841 ducenda
259 2804 344 2841 suntin
357 2803 498 2843 masculinum
513 2812 587 2850 genus.
615 2801 693 2842 Anah.
