2050 3100
145 146 193 200 tto
384 150 504 197 amno
526 148 695 194 ronanus
821 141 934 208 [meaa]

145 254 261 309 salutem
270 250 418 324 prophetae
431 257 458 305 et
472 257 576 313 cetum,
594 266 626 304 os
640 248 783 320 aperuisse
796 244 832 301 ad
847 264 936 320 egres

144 346 207 383 sum
220 325 444 399 supplicationis,
465 325 645 397 linguamque
659 331 755 379 mutuo
768 323 936 394 praestitisse

144 404 179 457 ad
193 402 338 457 verborum
353 401 619 471 pronunciationem
655 407 682 453 et
699 399 772 451 sicut
789 398 819 451 iu
838 398 938 451 instru-

145 487 235 534 mento
254 477 359 531 musico
377 474 477 529 artifex
494 474 650 545 pulsatione
669 473 820 547 digitorum
843 489 938 527 sonum

145 552 276 616 extrahit,
296 550 337 606 sic
353 549 485 621 propheta
499 548 575 605 fecit.

202 678 242 729 ⁴9.
266 674 330 729 Erat
348 681 439 729 autem
459 673 625 745 supplicatio
644 672 747 728 orantis
763 670 938 726 huiusmodi:

146 748 175 803 Si
191 765 321 820 magnum
336 748 474 821 quoddam
485 748 655 819 supplicium
666 764 709 801 me
719 747 841 819 experiri
851 747 942 801 volui·
991 773 992 776 ¹

145 824 194 887 sti,
219 821 300 877 video
319 840 475 878 mensuram
494 839 618 877 meorum
636 830 810 895 peccatorum
830 822 941 876 maioris

145 895 276 968 supplicii
286 897 395 969 pondus
406 905 574 971 exspectare.
612 896 748 963 Quoniam
758 907 823 951 vero
839 896 941 951 hucus-
993 911 994 920 ¹

145 988 199 1043 que
214 971 339 1045 redigere
353 989 396 1026 me
410 980 581 1044 peccatorem
595 971 723 1034 voluisti,
744 988 833 1043 usque
848 970 883 1025 ad
900 972 942 1025 in-

145 1048 322 1103 structionem
332 1055 451 1111 tantum,
465 1047 635 1119 principium
645 1063 661 1101 a
670 1056 696 1101 te
706 1046 888 1118 benignitatis
899 1063 942 1100 ao-
996 1115 997 1118 Ἴ

146 1123 220 1195 cepi,
241 1131 272 1176 ut
286 1130 340 1177 non
352 1121 476 1177 abiectus
486 1140 501 1177 a
511 1129 659 1194 conspectu
670 1121 813 1176 oculorum
821 1128 940 1183 tuorum,
996 1137 997 1148 ¹

147 1198 181 1251 ab
195 1198 333 1253 universis
347 1195 435 1252 oculis
449 1205 592 1269 separatus
607 1214 710 1261 essem,
734 1213 825 1268 neque
845 1196 943 1250 obmu-

90 1274 95 1284 '
146 1280 266 1329 tesceole
276 1285 322 1327 cre
332 1288 392 1327 meo
402 1288 466 1345 erga
476 1281 516 1337 to,
531 1269 567 1347 [⁴¹¹]
580 1272 654 1343 apud
664 1289 760 1334 omnes
769 1270 943 1327 obmutesce-

147 1365 215 1402 rem.
255 1350 320 1403 Toto
335 1346 425 1417 cordis
433 1348 513 1402 oculo
524 1348 628 1418 aspicio
637 1346 672 1402 ad
682 1357 723 1411 te,
738 1354 880 1418 totamque
891 1347 943 1401 lin·

147 1438 244 1495 guam,
264 1424 329 1493 quia
344 1422 414 1476 mihi
424 1423 505 1478 istam
516 1421 631 1477 liberam
641 1421 793 1493 reliquisti,
815 1418 943 1476 inmeam

147 1497 371 1553 intercessionem
380 1514 486 1553 moveo.
525 1497 648 1553 Exaudia
663 1499 737 1553 enim
751 1514 812 1553 reos
821 1497 941 1570 peceati:

148 1580 175 1624 et
193 1587 279 1641 quum
298 1573 470 1643 permittatur
488 1572 583 1628 videre
602 1589 709 1646 regem,
740 1573 812 1627 dona
833 1573 945 1644 quoquo

148 1645 288 1716 supplices
303 1648 454 1718 recipiunt,
476 1647 602 1702 hocsane
612 1649 775 1702 estiuitium
786 1647 946 1721 benignita-

149 1720 184 1774 tis
199 1736 302 1774 eorum.
341 1721 411 1777 Mihi
425 1739 491 1778 vero
507 1739 561 1777 non
575 1730 681 1777 tantum
696 1723 855 1778 facultatem
865 1736 946 1794 prae-

145 1794 242 1848 stitisti
256 1793 400 1865 loquendi,
422 1813 520 1852 verum
534 1798 616 1851 etiam
632 1799 785 1870 apologiam
796 1814 847 1868 pro
856 1798 946 1852 salute

149 1870 254 1923 animae
264 1885 341 1924 meae
351 1885 441 1925 coram
451 1880 478 1927 te
489 1872 577 1927 facere
592 1873 739 1944 permittis.
778 1873 906 1943 Namque
921 1872 946 1925 si

148 1943 233 1998 dabas
248 1945 342 1999 mortis
356 1962 433 2000 reum
448 1947 566 2002 interfici
580 1964 595 2002 o
610 1946 714 2002 fortiori
729 1948 800 2002 inter
814 1946 888 2002 feros
900 1948 947 2018 pi-

149 2035 222 2081 sces,
235 2028 282 2074 aut
291 2020 367 2076 velut
376 2022 405 2076 in
415 2022 542 2094 sepulcro
551 2022 642 2086 condi,
654 2023 725 2094 quid
734 2023 802 2076 mari
813 2020 870 2077 imo
880 2039 948 2094 pro-

149 2092 272 2158 fundius,
284 2111 370 2166 quum
379 2099 468 2152 omnis
479 2097 600 2153 mundus
609 2099 634 2152 si
645 2099 674 2153 in
684 2114 760 2152 mare
768 2095 889 2161 decidat,
902 2113 947 2152 re-

148 2168 274 2226 conditur
284 2178 314 2226 ut
323 2171 352 2226 in
361 2171 504 2244 se'pulcro‘l
532 2243 536 2255 ⁵

204 2299 247 2352 20.
272 2297 329 2369 Ego
344 2313 408 2370 ergo
423 2313 458 2352 ex
472 2314 516 2352 me
530 2299 592 2369 ipso
604 2299 674 2352 mihi
688 2299 805 2353 salutem
817 2297 945 2352 inhibui.

145 2368 226 2434 Quod
241 2372 265 2424 si
279 2371 365 2426 iudex
379 2372 459 2426 modo
473 2371 583 2436 salutis,
606 2390 690 2444 quem
703 2382 818 2428 eventus
830 2371 945 2436 obtulit,

147 2443 183 2496 sit
197 2444 367 2508 satisfactus,
388 2453 429 2500 est
444 2445 580 2518 benignus
595 2445 714 2502 et'snam
725 2465 852 2520 magnam
862 2448 948 2502 beni-

148 2516 279 2596 gnitatem
293 2517 441 2588 praedicat.
480 2519 674 2575 Verumtamen
690 2539 743 2576 non
758 2524 818 2576 sine
833 2521 948 2593 suppli-

148 2600 190 2637 cro
201 2589 287 2644 veluti
299 2591 384 2644 iudex
394 2591 522 2644 misertus
532 2594 600 2657 mei,
616 2597 712 2649 multis
722 2596 766 2649 his
777 2596 877 2651 tradito
888 2613 946 2659 me,

147 2657 276 2713 misertus
286 2678 315 2715 ee
327 2661 359 2731 (s.
372 2664 541 2737 misereatur)
551 2666 623 2721 sicut
632 2669 774 2742 princeps.
802 2671 949 2743 Imprimis
