2050 3100
71 188 113 253 [11.
124 185 185 251 ild]
248 190 288 235 IN
308 189 485 235 GENESIN.
505 190 634 237 SERMO
653 192 695 239 lv.
824 190 867 241 l3l

70 300 189 347 mentem
198 290 328 361 respicit,
343 290 566 345 concordatsoum
575 291 657 347 dictis
667 292 870 365 philosophice.

69 370 157 421 Monet
167 367 245 419 enim
255 364 383 428 verbum,
395 382 492 420 cavere
505 383 570 421 eum
582 369 729 423 attentione
743 378 770 424 et
780 370 871 425 nulla-

68 452 148 497 tenus
167 454 284 494 movere
302 448 472 495 constantem
491 458 595 496 morem
614 461 629 497 a
647 443 781 516 dignitate
800 446 870 517 legis

68 517 255 588 grat'oesimae.
304 514 378 581 Quid
397 516 475 569 enim
494 516 624 588 dignius,
655 535 738 589 quam
760 519 835 590 quod
856 538 870 575 a

68 600 190 647 creatore
207 599 343 661 patreque
361 591 554 645 universorum
572 592 674 648 laetum
691 595 728 649 sit
745 593 871 667 gratum?

67 668 106 720 ita
123 674 156 720 ut
171 665 285 720 nullum
298 665 411 719 omnino
426 668 546 735 patiatur
561 668 743 740 vituperium,
767 679 796 725 ut
810 687 870 724 mos

67 740 349 803 estinconstantium‚
371 740 421 810 qui
431 756 485 795 non
495 741 597 797 habent
606 744 714 799 solitam
724 746 870 801 stationem

66 816 215 878 moralem,
230 813 330 868 sedde
339 815 464 869 minimis
474 816 571 881 rebus,
585 825 735 890 utcumque
746 820 870 892 contige·

65 892 114 954 rit,
134 890 232 944 animo
241 888 502 960 advituperandum
512 891 666 948 declinante
676 896 869 966 conquirentes

66 966 196 1019 incusant
212 980 245 1018 ac
260 965 442 1020 criminantur
456 965 542 1030 illud,
568 967 642 1038 quod
660 978 702 1023 est
715 970 838 1025 immune
854 987 869 1023 a

65 1056 149 1094 cansa
160 1049 188 1094 et
197 1038 358 1111 crimine*).

69 1194 152 1251 Quare
170 1195 242 1244 dicit.-
272 1194 413 1258 „Dominus
429 1196 487 1246 deur
504 1196 568 1246 caeli
585 1206 607 1245 et
626 1196 683 1245 deus
701 1206 778 1245 terrae
796 1200 870 1248 mittet
925 1178 930 1183 ¹

133 1262 245 1326 capolim
264 1280 330 1312 auum
349 1274 404 1313 ante
413 1265 507 1328 sacient
527 1274 602 1323 mam,
623 1273 645 1313 et
659 1264 761 1327 accipies
774 1282 868 1316 uxorem

125 1330 185 1391 fib
202 1347 255 1381 Μ)
272 1329 388 1384 *bimur
407 1334 461 1395 (24,
482 1333 519 1394 7·)

120 1450 163 1502 90.
199 1448 277 1504 Certe
300 1448 395 1512 video,
426 1450 500 1521 quod
524 1449 657 1522 propheta
676 1458 718 1504 est
736 1458 763 1504 et
778 1448 867 1523 legem

64 1526 156 1594 ponit,
179 1522 311 1579 divinans
322 1522 412 1579 futura
426 1525 601 1599 agendaque:
625 1526 670 1582 lex
683 1527 757 1581 enim
767 1536 807 1581 est
819 1544 868 1582 na-

64 1610 142 1654 turae
161 1599 337 1662 adinventio,
363 1617 417 1654 non
439 1601 592 1656 hominum.
637 1601 771 1668 Quoniam
789 1621 866 1658 mens

65 1674 110 1728 dei
125 1675 247 1729 amatrix
261 1675 383 1747 migrans
398 1693 430 1729 ac
443 1675 610 1730 transferens
627 1695 656 1730 se
670 1679 699 1731 in
715 1678 797 1732 aliam
812 1688 867 1733 ter-

65 1767 123 1803 ram
139 1759 219 1805 extra
238 1757 322 1804 totam
340 1758 440 1805 terram
458 1751 633 1814 sensibilem,
665 1752 740 1807 illico
760 1754 867 1824 capitur

65 1824 172 1894 (divino
182 1824 295 1897 spiritu)
307 1833 334 1879 et
343 1826 525 1897 prophetizat.
554 1825 685 1897 Alioquin
696 1827 770 1881 unde
781 1845 867 1883 nove·

64 1901 111 1964 rit,
134 1898 211 1971 quod
226 1909 310 1970 queat
324 1899 456 1970 perficere
469 1919 567 1956 servus
582 1901 657 1955 viam
673 1918 723 1975 per
737 1904 866 1975 angelum

62 1974 226 2038 ducentem,
249 1975 304 2028 nisi
319 1975 473 2030 secundum
488 1976 609 2046 aliquam
623 1976 822 2032 divinationem
836 1996 867 2033 ae

63 2047 258 2121 prophetiam?
282 2049 425 2105 Caeterum
439 2050 542 2106 dixerit
558 2051 622 2122 quis
641 2049 766 2107 fortasse:
793 2051 867 2119 Quid

62 2142 131 2194 opus
147 2124 271 2178 habehat
286 2141 384 2179 servus
399 2127 491 2199 angeli
506 2125 706 2197 proficiscentis
724 2143 787 2182 oum
804 2129 866 2199 ipso

63 2199 97 2252 ad
111 2217 172 2254 rem
187 2198 360 2270 implendam
380 2201 456 2255 iuxta
475 2200 635 2256 mandatum
653 2211 809 2274 acceptum,
836 2210 866 2258 ut

61 2274 208 2343 perficeret
217 2273 458 2345 desponsationem
475 2273 512 2349 [Ἴ
529 2277 697 2330 matrimonii
710 2294 772 2331 cum
785 2277 866 2333 lanii-

63 2349 98 2401 lia
109 2347 251 2420 virginis?
270 2348 313 2403 hd
323 2366 394 2420 quae
404 2350 555 2405 dicendum
566 2357 619 2406 est:
641 2352 701 2406 Non
711 2353 772 2406 sine
783 2353 866 2406 ratio-

64 2439 109 2486 ne,
136 2423 261 2495 henigne
279 2423 377 2488 lector,
403 2426 492 2481 voluit
508 2433 604 2483 natura
620 2442 680 2480 esse
695 2427 866 2480 intellectum

64 2496 230 2560 humanum,
253 2498 303 2552 sed
319 2516 402 2571 agere
418 2509 445 2555 et
459 2503 488 2555 in
503 2509 595 2555 aetum
610 2501 740 2555 reducere
756 2501 865 2571 singula

112 2637 135 2683 ³)
148 2637 224 2676 Potest
237 2640 302 2677 ettam
314 2640 381 2680 alara
393 2641 442 2679 allel
454 2641 560 2679 sententia
572 2643 613 2679 hoc
625 2641 700 2678 modat
716 2643 804 2685 propter
810 2651 865 2686 pau-

64 2697 97 2722 raa
109 2698 156 2732 rea,
175 2690 250 2736 quibua
265 2691 348 2738 coam
357 2696 441 2739 partem
450 2693 527 2729 autera
536 2693 644 2737 vituperii,
659 2691 754 2727 inaurat
763 2699 787 2726 uc
796 2691 866 2728 orv'mt-

64 2742 141 2776 uantur
151 2749 206 2783 eura,
222 2740 259 2788 qut
268 2745 324 2781 curet
332 2752 396 2783 muto
404 2745 423 2782 tt
432 2743 525 2780 ammira.
551 2739 632 2778 Aricia.

619 2790 661 2836 la
