2050 3100
75 185 191 251 [mill]
247 191 288 236 IN
308 191 484 237 GENESIN.
508 191 636 237 SERMO
654 192 697 240 lv.
823 187 873 241 265

73 291 222 355 minicum,
243 290 341 345 dicens
353 295 443 358 epulas
456 295 559 359 secisse,
579 297 648 346 sicat
661 295 767 347 amabat
783 303 874 362 potem

72 365 142 420 huie
154 375 246 421 autem
261 365 390 429 minime,
411 364 461 418 sed
475 372 580 420 tacetur
590 382 689 420 nomen
700 368 875 438 complacen-

71 441 139 508 tiae.
176 441 239 496 Nisi
253 439 324 495 forte
338 440 398 494 iure
412 438 584 510 meritoque?
610 442 679 495 Nam
699 442 751 496 etsi
770 443 875 498 similia

73 515 226 587 eademque
240 530 328 586 aeque
342 513 433 568 facere
447 513 567 584 improbi
578 531 643 570 cum
651 516 747 586 probis
756 517 875 571 molien-

72 598 131 654 tur,
152 606 208 646 non
227 590 321 644 minus
338 587 434 643 odium
452 597 605 652 merentur,
630 607 662 644 eo
681 591 756 660 quod
770 608 825 645 non
840 609 876 646 ex

72 664 187 720 mundis
205 663 331 720 moribus
348 670 505 734 operantur.
545 662 625 718 Aliso
638 666 703 734 quis
718 682 773 719 non
786 668 873 729 novit,

72 739 148 810 quod
163 747 191 794 et
205 737 345 810 sophistae
360 737 457 792 eadem
472 753 537 792 cum
550 738 723 809 sapientibus
736 756 819 811 opera
834 739 876 794 ia·

73 814 160 880 ciunt,
171 821 199 870 et
208 813 332 868 fortassis
343 811 454 867 fortiora
463 829 587 883 quoque,
602 815 708 885 quippe
717 815 768 885 qui
777 815 807 868 in
816 832 877 870 ser-

72 906 153 944 mone
167 888 298 943 instructi
311 885 393 943 sunt?
426 886 482 942 Sed
501 905 591 943 sermo
609 905 703 942 eorum
723 891 876 944 contrarius

72 964 255 1035 insulsusque
265 969 292 1017 et
302 961 489 1020 exsecrandus
498 970 625 1034 apparet,
646 963 752 1017 nullam
766 981 832 1034 prae
846 982 876 1019 se

72 1038 164 1094 ferens
180 1038 298 1111 gratiam
312 1035 515 1101 florescentem,
536 1036 571 1091 ob
585 1037 748 1106 interpretes
759 1038 877 1092 indisci-

72 1114 194 1185 plinatos
207 1129 283 1168 more
296 1118 324 1166 et
336 1112 404 1166 vita.
444 1111 522 1166 Grati
534 1127 600 1165 vero
609 1110 761 1180 dulcesque
772 1129 877 1166 sermo-

73 1206 121 1244 nes
130 1197 275 1260 tamquam
285 1203 321 1242 ex
329 1185 406 1242 dulci
415 1185 490 1241 fonte
500 1193 628 1241 emanant
638 1201 673 1239 ex
681 1184 828 1256 probitate.

95 1311 133 1378 [Ἴ
159 1310 243 1369 Quare
260 1310 330 1361 dicit:
359 1309 477 1376 „Surpat
491 1319 563 1375 pater
580 1325 645 1358 metas
662 1319 685 1358 et
703 1309 810 1358 comedat
829 1310 857 1358 de

294 1379 417 1428 venatione
427 1379 480 1440 filii
496 1378 573 1427 sui‘W
598 1377 658 1442 (ib.)

129 1465 192 1519 222.
217 1463 372 1528 Dissimiles
388 1470 452 1517 sunt
466 1461 677 1517 vociferationes
692 1449 774 1516 istius
789 1468 815 1516 et
828 1478 878 1515 an-

73 1656 132 1693 eom
142 1642 233 1707 epulae
242 1644 310 1694 sicut
319 1648 390 1694 amat
397 1647 486 1707 pater,
502 1638 569 1693 huic
580 1645 670 1693 autem
681 1640 797 1702 nonita,
814 1639 878 1694 licet

73 1714 174 1768 siletur
189 1712 225 1767 de
239 1714 349 1768 nomine
365 1714 510 1785 placentis.
549 1712 688 1783 Equidem
701 1714 805 1768 similia
818 1722 878 1769 stu-

73 1788 165 1843 diosis
184 1805 265 1861 agere
284 1788 364 1859 pravi
381 1788 588 1852 machinantur,
614 1788 797 1843 nihilominus
814 1788 878 1843 odio

74 1862 162 1935 digna
180 1872 260 1926 sunt,
291 1863 359 1919 dum
380 1858 435 1919 n'on
454 1879 524 1934 puro
543 1863 659 1918 consilio
678 1864 877 1919 obsecundant.

74 1937 144 2005 Quis
160 1939 235 1992 enim
250 1939 358 2010 ignorat
375 1944 600 1994 commentatores
619 1938 692 1993 velle
710 1940 877 2009 sapientium

74 2012 183 2067 similes
198 2012 294 2067 titulos
307 2014 451 2084 prosequi,
473 2012 635 2083 etamplius
650 2020 677 2067 et
690 2011 788 2067 fortius
797 2029 879 2083 pero-

75 2104 150 2151 rare,
171 2094 268 2159 utpote
281 2087 427 2143 verborum
439 2094 494 2141 arte
504 2085 644 2141 munitos?
663 2086 717 2141 Sed
729 2087 778 2141 illa
787 2086 877 2141 omnia

75 2161 249 2217 dissonantia
262 2162 435 2217 curatissima
449 2169 541 2215 tamen
555 2160 699 2225 videntur,
720 2161 797 2215 nullo
811 2160 879 2214 sub-

74 2236 191 2301 sistente
213 2236 325 2304 decore3
366 2244 509 2308 propterea
533 2236 616 2290 etiam
641 2236 879 2305 interpretatorum

74 2310 202 2366 moribus
211 2320 278 2365 sunt
287 2310 499 2382 indisciplinati.
537 2310 879 2364 llaecverolibentissima

76 2392 103 2441 et
118 2386 288 2442 suavissima
303 2386 338 2441 de
352 2386 413 2458 ipso
428 2385 502 2442 lente
517 2384 721 2441 benivolentiae
731 2382 880 2440 dulcedine

76 2461 201 2517 mittunt.

105 2560 187 2621 Qttore
204 2560 241 2611 sic
259 2560 330 2611 dicit:
353 2560 487 2626 „Ecurpat
499 2570 574 2625 pater
590 2578 665 2623 meets,
691 2569 714 2608 et
730 2557 855 2607 manducet

318 2645 347 2679 ex
364 2630 487 2679 venatione
498 2628 552 2691 filii
568 2630 644 2678 sui“t

134 2718 196 2775 222.
216 2714 369 2771 Dissimilis
378 2714 463 2771 huius
473 2714 610 2771 sententia
618 2709 714 2782 priori.
745 2706 881 2763 llleenim
