2050 3100
165 276 212 329 {26
384 278 572 325 PHILONIS
594 276 733 323 IUDAEI
867 272 965 340 [1,131]

163 398 274 454 quoqne
291 396 369 435 auam
387 378 492 434 haedus
505 376 646 441 movebat,
667 378 746 432 iuxta
766 386 871 443 nutus,
902 396 966 451 quos
995 448 996 457 ἵ

163 456 267 513 Calliae
275 472 373 511 manus
383 453 524 527 edebat*).

220 535 264 589 25.
285 530 355 586 Sunt
364 530 446 584 etiam
457 529 549 599 aliqua
560 527 742 600 (animantia),
755 544 833 599 quae
845 538 874 585 et
883 531 965 585 serri-

166 608 192 662 le
200 603 473 668 officiumediseunt‚
486 600 636 677 diligenter
645 602 763 673 obsequi
775 605 964 661 ministrorum

164 698 252 744 mora,
265 678 376 734 assidue
386 680 458 734 inter
466 696 497 733 se
505 677 708 741 contendendo,
724 685 750 733 et
762 677 846 734 hisce
857 680 963 751 plenum

163 763 220 810 erat
233 753 435 826 spectaculum
463 762 545 826 atque
563 752 725 825 singillatim
746 756 899 825 propriam
917 753 962 807 eibi

162 828 370 885 ostentationem
380 828 550 884 exhibebant
559 827 661 899 populo
670 828 777 881 bestiae
788 830 878 893 istae,
892 828 960 900 quasi

163 904 268 957 dixeris
283 903 408 959 ludentes
426 903 461 958 ad
476 912 573 958 nutum
593 901 791 974 ludimagistri.
835 902 917 969 Quod
929 912 961 957 ta-

162 994 226 1033 men
241 994 295 1032 non
311 978 370 1033 ludi
383 996 427 1033 res
441 986 496 1041 est,
525 977 574 1033 sed
592 975 683 1031 studio
701 977 818 1032 virtutis
841 978 959 1052 dignum.

163 1052 309 1125 Siquidem
323 1055 410 1108 risum
424 1052 455 1108 id
467 1060 559 1107 movet
573 1050 786 1122 insipientibus,
811 1053 959 1124 quioculos

163 1128 248 1184 animi
266 1128 461 1192 ohoaeearunt,
492 1126 542 1181 sed
561 1124 684 1181 studium
704 1128 756 1180 erit
777 1128 958 1199 sapientibus,
995 1152 996 1177 t

162 1220 280 1276 quornm
294 1211 398 1258 mentes
413 1200 523 1257 lucidae
537 1209 602 1256 sunt
612 1209 639 1255 et
649 1208 744 1255 aoutee
753 1202 834 1257 visu.
878 1206 961 1274 Itaque
995 1198 996 1239 l

163 1277 383 1352 magnitudinem
398 1285 511 1332 naturae
524 1274 664 1331 rationalis
674 1274 829 1348 diligenter
839 1278 963 1333 sinerint

163 1354 277 1409 honesta
287 1353 483 1415 examinantes,
497 1351 656 1423 opinionem
666 1347 807 1421 deponite,
821 1355 965 1409 veritatem

162 1428 276 1502 discite,
294 1435 326 1483 ut
338 1424 553 1557 [itginstauretur
567 1425 723 1496 persuasio,
744 1442 854 1497 nempe
869 1430 966 1501 pretio

162 1519 225 1559 sum
236 1520 297 1559 esse
307 1519 361 1575 apu
390 1501 487 1565 deum,
498 1508 526 1556 et
538 1500 698 1555 honoratum
709 1506 736 1556 et
747 1499 835 1557 laude
847 1504 967 1560 celebra·

162 1588 221 1633 tum
231 1578 306 1650 apud
322 1578 447 1633 homines
463 1576 545 1631 deum
561 1575 708 1648 diligentes
723 1591 814 1648 genus
832 1577 891 1635 hoo
904 1579 967 1653 (ani-

162 1653 316 1724 mentium).

216 1745 260 1799 26.
284 1742 319 1798 At
332 1742 507 1814 praelaudata
523 1741 666 1806 animalia,
687 1740 821 1813 inquiunt
841 1745 966 1816 qnidam,
993 1753 994 1756 ’

162 1814 273 1871 diseunt
282 1817 396 1888 quidem
406 1817 526 1889 aliquid,
539 1817 588 1872 sed
599 1833 630 1872 eo
641 1818 742 1889 magis,
760 1827 873 1887 quanto
884 1820 967 1892 magis

162 1892 269 1946 cicures
284 1894 353 1958 sint;
379 1895 496 1964 agrestia
517 1908 581 1947 vero
599 1909 652 1946 non
667 1891 761 1962 polite.
802 1891 883 1948 Ecce
899 1897 967 1948 enim

162 1966 244 2022 etiam
259 1965 353 2036 aliqua
367 1969 485 2040 agrestia
505 1973 532 2022 et
550 1967 664 2021 minime
683 1963 879 2021 mansuefacta
893 1969 968 2022 vide

161 2048 225 2096 runt
235 2040 349 2112 quidam
359 2041 388 2096 in
400 2041 508 2097 scholas
518 2043 641 2104 venisse,
657 2039 846 2095 familiaritate
860 2042 966 2115 adepta.

217 2133 261 2190 27.
281 2133 495 2206 Elephantorum
510 2150 579 2206 gens
597 2148 686 2186 nonne
702 2130 821 2189 ferarum
846 2137 967 2190 maxime

162 2209 279 2282 agrestis
291 2208 350 2264 est‘l
369 2209 494 2269 Attamen
508 2225 544 2263 ex
557 2207 644 2280 Libya
658 2205 775 2268 bebbae,
798 2204 967 2265 Germanico

162 2282 271 2340 Caesari
287 2284 410 2356 undique
424 2284 458 2338 ad
472 2299 602 2354 pompam
616 2279 677 2336 ludi
692 2289 857 2351 apparatum
874 2284 967 2358 dispo-

162 2360 252 2422 nenti,
265 2377 296 2414 eo
307 2367 428 2429 tempore
438 2373 492 2429 quo
504 2357 539 2412 de
549 2357 691 2412 consulatu
702 2354 856 2410 certamina
868 2375 968 2432 propo-

162 2433 257 2496 nebat,
283 2451 382 2489 novam
400 2450 459 2488 rem
476 2431 622 2504 magnilica
637 2437 778 2504 praestans
794 2427 873 2486 dono
894 2436 968 2490 misit

160 2523 275 2578 gregem
289 2507 465 2578 elephantum
474 2506 549 2562 domi
561 2505 810 2561 mansuefactorum
821 2505 861 2560 ad
874 2509 969 2564 cibum

160 2587 188 2632 et
197 2589 292 2648 potum
302 2580 489 2653 deliciose**).
504 2581 539 2635 Et
549 2580 619 2651 quid
629 2587 733 2651 oportet
743 2577 837 2634 dicere
850 2580 892 2640 de
903 2585 968 2641 illis,

162 2675 372 2690 —————

211 2712 232 2759 ¹)
253 2725 272 2755 a.
285 2713 326 2756 in:
349 2718 427 2756 caldae
439 2722 507 2758 men
519 2723 542 2758 ut
554 2729 627 2760 maram
638 2721 774 2769 putabantur.
802 2719 894 2764 Anoh.

209 2763 244 2807 ”)
266 2763 348 2804 simula
360 2772 474 2807 oecurrunt
486 2769 543 2817 apud
556 2769 647 2810 Plinium
661 2771 707 2819 vti,
721 2772 740 2811 t.
754 2769 878 2814 Aelianum
891 2775 922 2822 11,
942 2779 964 2816 11

158 2806 276 2850 Manualem
290 2813 326 2853 tlh.
343 2815 360 2854 1.
376 2818 444 2866 epigr.
460 2819 517 2859 lim.
548 2818 661 2864 Auchtr.
