2050 3100
124 252 209 318 [IL
237 250 360 316 396]
483 253 566 300 IN
607 251 950 300 annnam.
997 253 1255 300 sERMo
1289 253 1374 301 IV.
1628 249 1728 304 227

132 429 320 499 thm'd
343 429 394 481 in
422 437 559 478 nocte
587 425 798 476 dominus
822 426 1066 489 visitatur,
1098 436 1144 476 et
1171 427 1267 477 ait.-
1301 425 1462 494 „Eyo
1488 444 1586 477 sum
1614 427 1727 477 deus

204 496 369 562 patris
404 496 502 554 ταῖς
555 510 614 542 ne
640 494 826 555 timeas,
867 502 1011 542 tecum
1039 493 1156 541 enim
1184 495 1367 542 sum“?
1400 499 1505 554 (26,
1534 497 1641 554 24.)

237 636 286 679 ³.
343 627 815 679 Familiarissimum
847 633 1045 689 tempus
1096 626 1293 676 animae
1343 627 1724 692 speculatoriae,

127 712 231 747 nox
257 696 403 759 vagis
431 694 684 744 erroribus
709 693 997 742 meridianis
1011 728 1024 752 ‚
1064 700 1115 742 et
1139 694 1280 743 vanis
1301 695 1586 758 aspectibus
1604 696 1727 746 libe·

127 775 234 816 rata
249 799 262 825 ,
302 777 366 812 ac
394 776 488 825 per
506 761 606 809 hoc
623 775 718 808 nec
735 766 898 809 metus
916 761 1085 823 pulsat
1097 795 1111 820 ,
1148 775 1241 810 nec
1259 763 1461 812 vacillat
1479 763 1727 826 cogitatus

128 832 338 881 absente
369 830 577 887 timore,
616 835 752 876 caret
786 835 953 876 autem
989 828 1167 876 timore
1206 829 1529 890 pacatissima
1562 845 1723 889 mens,

127 913 242 947 cnm
260 896 514 946 divinitati
531 894 794 957 pervigilat
808 901 1198 957 perseveranter.
1269 895 1435 945 Habet
1460 904 1628 945 tamen
1655 897 1727 945 le·

126 966 226 1015 ctio
255 962 602 1015 necessarlum
625 962 856 1020 modum,
894 975 959 1010 ne
994 961 1106 1023 quis
1142 975 1405 1024 procerum
1439 970 1728 1026 praesumat

126 1032 275 1083 §acilo
314 1029 667 1081 occasionibus
685 1063 698 1087 ‚
743 1029 832 1078 sed
859 1028 1040 1090 prioris
1064 1029 1297 1091 acquirat
1322 1029 1537 1090 meritis,
1576 1030 1725 1093 digne

127 1100 261 1148 enim
289 1096 533 1146 dicendo:
579 1095 691 1158 Ego
722 1109 831 1143 sum
860 1096 981 1144 deus
1008 1095 1166 1157 patris
1193 1095 1290 1155 tui,
1328 1095 1524 1157 generis
1548 1110 1725 1144 censu-

125 1181 232 1214 ram
259 1163 550 1215 declaravit.
620 1162 813 1210 Tecum
835 1170 1004 1210 antem
1035 1175 1146 1210 sum
1172 1174 1263 1224 pro
1289 1169 1376 1208 tua
1403 1168 1454 1210 et
1476 1162 1574 1224 ipsi
1603 1163 1725 1224 vigi·

125 1232 310 1291 lamia,
349 1231 493 1280 cuius
522 1243 676 1278 causa
697 1243 801 1278 non
822 1229 1111 1291 indignatur
1128 1227 1472 1275 universorum
1490 1235 1633 1290 pater
1652 1229 1725 1276 in·

125 1301 338 1362 dignum
353 1297 558 1346 visitare
578 1309 693 1344 enm
710 1296 971 1346 invisibilis
989 1295 1270 1343 animarum
1286 1294 1528 1343 medicus.

136 1481 302 1538 Quare
345 1478 580 1534 Dan-‘mm
620 1479 820 1541 (marg.
869 1480 1008 1529 addit
1049 1476 1183 1526 Deus
1191 1479 1223 1540 )
1265 1476 1482 1527 visitatus
1528 1477 1726 1527 ostendit

606 1544 897 1609 semetspwm
926 1543 1094 1596 deum?
1129 1545 1249 1609 (ib.)

233 1688 286 1731 4.
331 1680 586 1732 Dominus
614 1680 817 1744 quidem
841 1680 983 1743 regni
1005 1687 1056 1734 et
1081 1681 1407 1732 dominatoris
1426 1694 1610 1730 nomen
1629 1688 1716 1731 est.

124 1750 268 1798 Dens
291 1754 461 1797 autem
478 1746 758 1812 appellatur
773 1760 865 1813 pro
883 1745 1140 1800 beneficiis
1152 1782 1166 1808 ‚
1207 1748 1388 1810 quibus
1417 1748 1598 1797 certius
1618 1762 1725 1796 ma-

122 1815 420 1876 nifestatur,
466 1814 706 1879 quoniam
745 1814 1041 1876 sapientiam
1077 1828 1177 1868 non
1215 1816 1345 1865 inter
1382 1814 1633 1866 subiectos
1669 1822 1725 1865 ut

121 1897 214 1931 rex
227 1917 242 1943 ,
285 1882 378 1932 sed
403 1881 534 1931 inter
558 1880 750 1933 amicos
771 1880 1132 1934 benefaciendo
1155 1882 1449 1932 dinumerat.
1519 1880 1725 1932 Poterat

122 1949 272 2000 Philo
310 1948 539 2012 pluribus
575 1947 806 2002 invehere
819 1982 834 2009 ,
875 1948 973 2003 nisi
1010 1956 1245 2013 computo
1281 1956 1500 2000 uteretur
1534 1949 1722 2000 mathe-

121 2024 327 2067 manco·

130 2170 295 2229 Quare
326 2169 531 2222 adeundo
566 2168 855 2233 „Benedici
886 2173 980 2219 ιε’(
1013 2168 1214 2221 adiecit.-
1277 2180 1371 2234 „et
1402 2171 1721 2235 multiplicabo

341 2253 499 2289 semen
532 2246 658 2288 mm
685 2246 884 2301 propter
909 2246 1100 2301 patrem
1134 2241 1337 2287 τιωωιόὄῖ
1381 2239 1500 2302 (ib.)

232 2377 285 2419 5.
334 2369 657 2435 spontaneae
683 2372 978 2435 disciplinae
1005 2372 1180 2423 titulus
1206 2371 1480 2435 perfeetus,
1521 2374 1585 2420 ob
1612 2374 1721 2420 nul·-

120 2439 223 2487 lam
243 2438 403 2488 aliam
421 2452 629 2489 causam
647 2439 865 2487 divinam
890 2446 1203 2501 promeretur
1226 2440 1461 2502 gratiam,
1500 2439 1597 2487 nisi
1629 2452 1720 2499 pro

123 2519 175 2553 se
215 2519 280 2555 ac
316 2518 412 2568 pro
449 2505 709 2557 suavitate.
778 2506 1012 2557 Iuvenior
1034 2512 1205 2555 autem
1229 2507 1453 2555 moribus
1479 2514 1532 2554 et
1558 2504 1721 2551 adhuc

123 2572 360 2621 erudiens
395 2585 500 2621 non
536 2579 739 2635 propter
764 2586 845 2632 se,
887 2572 976 2621 sed
1005 2587 1099 2635 pro
1126 2573 1317 2622 meritis
1342 2579 1607 2634 provectae
1634 2569 1722 2616 do-

122 2640 343 2698 ctrinae,
385 2639 531 2688 caius
557 2639 802 2701 sapientia
825 2653 918 2702 pro
943 2640 1209 2701 principali
1237 2638 1470 2697 exemplo
1488 2634 1720 2682 discenti-

123 2705 215 2753 bus
233 2706 566 2768 praeponitur
577 2740 590 2765 ,
614 2706 682 2754 ad
699 2706 1088 2755 nanciscendam
1107 2720 1247 2767 spem
1262 2702 1542 2751 meliorum.
1598 2700 1722 2746 Pos-

124 2779 240 2823 sunt
260 2773 399 2821 enim
415 2772 512 2822 hac
534 2773 869 2822 aemulatione
884 2772 1175 2838 parentibus
1196 2769 1430 2882 εἰξῃὲατε.
