2050 3100
75 151 201 221 ttam]
263 158 303 203 in
322 158 711 206 onnusmsnnuom.
856 157 889 210 57

75 261 173 315 Tertio
196 265 290 330 partes
313 260 464 314 centenarii
486 259 635 315 universas
658 270 726 318 sunt
746 261 887 320 honestae.

72 335 186 402 Quarto
201 341 312 388 oonstat
325 350 361 388 ox
373 334 487 406 triginta
500 351 552 389 sex
566 341 593 389 et
606 338 750 409 sexaginta
760 346 886 408 quatuor,

71 409 153 481 quod
164 415 213 465 est
222 408 315 463 nulius
325 417 352 464 et
364 409 448 463 simul
462 408 643 482 trIangulum.
682 411 784 478 QuInto
798 415 888 469 ooale-

70 482 886 631 malae·

69 636 196 706 ponitur
205 649 246 688 ex
257 640 374 704 quatuor
388 633 463 698 istis,
485 649 542 689 uno
556 640 583 688 et
598 632 752 706 duplicato,
777 646 803 691 et
817 654 887 709 qua-

68 717 136 764 tuor
146 717 181 764 et
190 706 351 779 duplicato,
367 709 428 762 utI.
438 709 473 762 Π.
483 708 530 764 Ν.
541 708 613 772 VIII,
628 725 699 780 quae
710 709 815 766 iaciunt
825 713 884 776 XV,

68 794 155 839 etex
170 791 296 854 quatuor
310 781 371 836 istis
385 783 578 855 multiplicatis
597 784 618 836 1.
638 785 683 841 Ν.
702 786 774 842 XVI.
790 788 884 852 LXIV,

3 924 4 927 Ἰ
67 875 148 930 quoe
172 857 284 912 iaciunt
303 857 443 913 LXXXV:
492 858 568 930 utqui
588 856 727 930 duplicata
746 862 814 916 ratio
837 879 887 933 per

3 930 5 991 l
68 934 173 988 omnia
187 940 248 996 est,
269 933 413 987 eontinens
427 931 519 997 illam,
541 948 612 1004 quae
624 942 665 989 est
674 951 723 1006 por
732 944 849 1008 quatuor
860 947 888 993 et
914 979 925 1006 ,

3 1030 4 1033 “
69 1008 284 1080 perquinque.
300 1007 552 1077 qnaterautembis
562 1011 722 1079 peremnia.
763 1010 886 1083 Septimo

70 1083 262 1154 oomponitur
276 1097 312 1135 ex
325 1090 443 1152 quatuor
457 1082 622 1154 singillatim
634 1085 739 1139 unitate
750 1084 883 1150 adauctis,

69 1159 92 1211 Ι.
108 1159 148 1212 ΙΙ.
166 1157 217 1210 III.
234 1156 284 1219 IV,
300 1171 372 1226 qnae
382 1155 486 1211 iaciunt
496 1158 536 1222 X,
553 1164 580 1212 et
590 1173 626 1212 ex
635 1166 751 1227 quatuor
761 1160 886 1230 triangu-

68 1232 124 1296 lis,
143 1233 170 1285 Ι.
186 1230 297 1286 111.v1.
313 1231 353 1295 X,
373 1247 444 1302 quae
458 1225 594 1304 peragunt
604 1232 671 1296 XX,
689 1239 715 1286 et
725 1249 761 1287 ex
769 1244 887 1304 quatuor

68 1305 301 1377 quadrangulis,
322 1306 344 1358 l.
359 1306 405 1362 Ν.
421 1307 470 1361 IX.
485 1307 561 1370 XVI,
583 1322 654 1376 quae
669 1305 775 1362 iaoiunt
793 1307 884 1372 XXX,

71 1390 154 1436 etex
166 1380 529 1454 quatuorquinqnangulis,
545 1382 567 1435 I.
582 1381 614 1436 V.
631 1381 691 1436 XII.
707 1382 798 1447 XXII,
810 1387 886 1454 'quae

71 1456 151 1510 liunt
168 1455 233 1509 XL:
263 1454 348 1509 simul
363 1456 455 1510 omnia
470 1455 501 1512 C.
540 1454 642 1511 Octavo
655 1473 690 1512 ox
700 1465 817 1529 quatuor
826 1459 886 1514 siu-

73 1530 205 1603 gillatim
216 1528 251 1585 ub
260 1529 365 1585 unitate
375 1530 455 1586 cubis
468 1528 610 1604 perficitur
623 1534 809 1602 centenarius;
835 1532 885 1589 da-

73 1607 113 1662 tis
134 1606 217 1661 enim
233 1605 255 1659 Ι.
275 1605 310 1659 ΙΙ.
329 1605 375 1659 ΠΙ.
394 1606 440 1662 Ν.
456 1607 572 1661 istorum
586 1606 650 1661 cubi
670 1610 691 1662 Ι».
710 1609 780 1665 VIII.
796 1610 883 1664 XXII.

72 1680 183 1744 LXIV,
205 1678 388 1735 oonfioiuntnr
406 1680 436 1737 C.
475 1682 553 1735 Nono
571 1680 706 1737 dividitur
721 1684 750 1738 in
765 1684 885 1755 quadra-

75 1757 161 1827 ginta
169 1762 198 1810 et
207 1754 364 1826 sexaginta,
377 1770 495 1826 quorum
504 1762 652 1827 utrumque
662 1758 751 1831 magis
761 1759 885 1815 naturale

77 1838 134 1883 est.
175 1828 209 1885 Et
223 1828 379 1884 secundum
388 1830 510 1901 prImum
521 1829 645 1886 ordinem
656 1831 826 1887 decimorum
836 1851 885 1888 us-

75 1920 138 1975 que
155 1902 189 1957 ad
203 1902 359 1977 myniadem
375 1905 404 1960 in
425 1905 634 1979 quinquangula
655 1906 742 1979 figura
761 1906 883 1963 medium

76 1985 294 2043 tenetoentum,
310 1995 336 2034 e.
352 1996 380 2052 g.
396 1982 417 2034 Ι.
431 1980 468 2034 X.
485 1978 516 2036 C.
531 1980 569 2036 M.
585 1987 611 2035 et
626 1980 736 2037 celon:
761 1982 811 2037 ubi
826 2000 884 2037 me-

77 2052 149 2108 dius
159 2062 202 2109 est
211 2054 385 2109 centenarius
396 2054 467 2109 Inter
476 2071 578 2119 unum,
595 2051 632 2129 [Ι]
645 2055 797 2123 decimum,
819 2074 885 2113 cen-

77 2129 228 2193 tesimum,
243 2128 426 2185 millesimum
436 2138 463 2185 et
472 2128 635 2203 myniadem.

140 2233 244 2289 Verum
267 2240 374 2304 oportet
391 2241 419 2289 et
437 2234 473 2289 do
486 2235 672 2307 nonagenario
687 2250 801 2291 numero
814 2252 885 2307 quo-

82 2306 207 2363 ndnotas
218 2308 349 2364 visibiles
358 2307 434 2363 haud
443 2309 555 2365 silentio
565 2307 730 2383 transgredi.
769 2310 804 2367 Ut
814 2311 884 2365 mihi

82 2381 209 2447 videtur,
240 2385 444 2456 nonagenarius
465 2381 603 2439 secundas
627 2392 700 2439 tanet
723 2386 882 2447 centenari-i,

83 2464 220 2527 quatenus
229 2456 354 2513 aufertur
362 2475 427 2530 pars
437 2459 498 2513 eius
507 2457 629 2523 decima,
650 2459 681 2513 id
692 2467 733 2513 est
744 2459 882 2521 denarius,

84 2532 217 2600 qnoniam
226 2532 258 2585 in
268 2532 329 2605 lege
338 2533 421 2590 video
429 2532 499 2589 duas
508 2534 631 2589 decimas
641 2534 827 2605 primitiarum
841 2530 885 2584 di-

84 2606 214 2663 stinctus:
250 2623 335 2663 unam
352 2610 449 2673 totius,
478 2609 592 2663 alteram
610 2607 727 2663 residui.
770 2604 885 2670 Quando

86 2680 163 2736 enim
177 2680 283 2739 tollitur
297 2700 333 2739 ox
346 2681 474 2759 frugibus
488 2684 574 2740 tritici
587 2683 633 2738 vel
646 2680 706 2736 vini
716 2678 761 2735 vel
771 2678 826 2733 olei
835 2677 885 2735 do-
