2050 3100
162 144 211 200 2⁸0
293 147 390 194 PHIL.
408 147 483 194 IUD.
503 146 665 204 Qunns'r.
684 145 735 191 ET
754 146 833 192 SOL.
857 140 967 208 [mm]

164 251 237 313 tum,
253 249 321 320 quia
330 246 398 302 haec
408 246 515 302 faciunt
525 265 621 303 verum
630 254 777 311 tertarum,
792 246 843 302 sed
851 264 967 303 conces

162 323 199 378 sit
209 324 235 377 ei
245 331 386 394 tamquam
397 323 448 378 alis
459 322 563 377 elevari
574 321 724 393 aliquando
735 329 762 376 et
771 322 881 377 caelum
891 325 967 395 aspi-

162 414 223 453 cere
235 405 316 469 atque
327 396 362 453 de
372 397 480 453 visione
492 396 526 469 (s.
536 395 652 469 theoria)
662 397 712 452 illa
721 396 879 468 degustare.
920 398 966 454 Si-

161 472 276 543 quidem
285 481 351 528 sunt
360 473 462 544 aliqui,
482 473 532 544 qui
544 471 668 544 angula,
689 488 791 527 venere
799 479 827 526 et
836 473 966 543 petulan-

161 548 318 618 tiesemper
336 548 500 603 illuvionem
521 565 553 602 ao
570 547 791 602 submersionem
810 547 963 618 patiuntur.

161 622 362 694 cupiditatibus
372 622 470 687 dediti,
483 630 510 678 et
519 622 729 695 nolunterigere
738 639 769 676 se
779 623 855 693 ipsos
865 624 966 679 miser-

161 697 225 752 rimi
237 706 263 752 et
273 698 497 754 cacodaemones.

256 853 322 912 Quid
337 865 371 905 eat
388 855 443 918 „In
459 854 544 920 gladio
562 864 601 905 tao
618 854 723 904 viveo“t
744 855 798 921 (27,
813 855 869 920 40.)

216 977 277 1030 235.
303 975 394 1029 Nimis
408 975 570 1030 naturaliter
584 976 692 1031 monuit
706 974 865 1045 insipientis
876 977 965 1032 vitam

159 1048 266 1104 bellum
280 1067 340 1104 csse
355 1051 511 1122 sinopem,
530 1051 599 1105 iusti
612 1067 678 1105 vero
693 1049 775 1104 altam
789 1067 897 1120 pacem.
937 1053 966 1106 ls

159 1125 233 1180 enim
249 1125 351 1198 gaudet
364 1125 472 1180 iustitia
489 1132 516 1181 et
529 1123 729 1197 tranquillitate
744 1131 771 1178 et
784 1126 964 1190 rectitudine,

158 1200 208 1255 illc
218 1208 310 1258 autem
320 1201 527 1257 conturbatione
537 1208 565 1254 et
574 1201 703 1263 avaritia,
725 1199 908 1256 aemulatione
917 1200 967 1255 di-

158 1291 244 1347 gnum
254 1284 354 1347 putans
364 1277 496 1332 iniuriam
506 1274 596 1330 faeere
609 1283 636 1330 et
648 1275 754 1346 passim
768 1273 891 1340 laedere,
911 1293 967 1347 pa-

158 1365 219 1404 cem
239 1358 265 1405 et
285 1352 354 1405 iram
374 1349 598 1426 (confundens)*)
618 1350 674 1406 sibi
688 1350 812 1404 invicem
826 1350 964 1407 infensas.

208 1522 230 1571 ΙΙ)
243 1523 303 1565 Arm.
317 1526 467 1567 haectentnm
480 1525 555 1566 habet:
579 1534 653 1575 paoem
670 1527 738 1565 catam
755 1526 774 1565 et
790 1525 891 1573 colorem,
915 1525 966 1567 nine

159 1576 202 1615 alto
214 1576 288 1615 verbo.
314 1576 395 1615 Auch.

159 1824 188 1877 hi
198 1831 263 1879 sunt
273 1824 348 1881 enim
357 1824 467 1878 tartarei
478 1822 594 1880 domini.
624 1824 680 1883 Sed
691 1825 756 1882 dedi
771 1826 814 1881 illi
829 1824 966 1882 fiduciam

157 1896 266 1954 evolare
281 1896 444 1971 aliquando,
466 1907 493 1953 et
505 1900 534 1954 in
545 1900 620 1956 eaelo
630 1902 824 1989 respicientem
834 1902 891 1955 iam
900 1901 966 1955 dei-

157 1973 263 2029 tudinis
278 1974 425 2047 degustare
440 1974 587 2029 scintillas
627 1976 697 2031 Sunt
711 1976 786 2031 enim
801 1977 850 2047 qui
861 1994 897 2032 ex
907 1977 966 2030 im-

156 2049 226 2120 puui
240 2043 355 2103 luxuria
373 2048 513 2105 diluvium
532 2050 623 2121 passi,
649 2052 726 2107 vitiis
745 2052 963 2125 immerguntur,

156 2139 331 2194 nequaquam
340 2141 370 2179 se
381 2125 482 2180 exinde
492 2126 640 2199 erigentes.

316 2271 381 2330 Quid
398 2283 432 2323 eat
449 2309 467 2337 „
475 2272 556 2337 Super
571 2274 679 2340 gladium
698 2274 803 2324 vivw‘t

212 2378 273 2433 235
302 2374 390 2441 Quam
409 2382 489 2431 natus
509 2374 588 2431 aliter
606 2376 772 2441 declaravit,
798 2376 964 2447 insipientis

156 2438 293 2505 fortunam
308 2451 444 2521 praelium
458 2467 519 2506 esse
533 2451 773 2523 impraedicabile.
812 2453 881 2507 lusti
896 2470 965 2509 vero

155 2541 204 2593 por
215 2526 350 2581 altissime
360 2526 498 2599 gaudente
507 2527 582 2582 enim
592 2528 784 2599 segregatione
793 2534 821 2581 et
830 2535 965 2583 constan-

155 2598 207 2662 tia;
229 2600 277 2654 ille
293 2602 388 2657 turbas
403 2609 431 2657 et
445 2600 556 2670 rapinas
570 2600 708 2687 explorat,
733 2601 889 2673 quemlibet
901 2604 964 2674 pati

155 2668 433 2732 1n1ur1ametfacere
473 2674 891 2750 llaecmorturscongruasunt
911 2678 964 2733 illa
