2050 3100
158 205 208 259 372
278 211 375 256 euru.
394 210 468 255 1uu.
488 206 651 267 Quanam
669 208 718 253 un
739 208 816 254 son.
837 202 881 268 [11,
894 205 958 270 mn]

157 313 246 375 tibus,
275 303 312 365 ex
333 309 423 365 tribus
442 309 549 365 habens
568 310 710 365 materiam
730 308 959 384 exsistentiao*);

157 387 278 442 maxime
292 393 383 441 autem
396 384 432 440 ob
446 384 477 440 id
492 385 638 441 oonoordat
647 402 710 439 cum
722 391 798 439 sexto
807 384 958 455 primari03

156 463 264 533 prImus
273 461 348 514 enim
359 461 521 515 sexenarius
531 478 566 515 ex
575 458 614 589 ἵ]
627 460 747 531 propriis
758 459 885 531 iungitur
895 476 963 531 par-

157 537 243 591 tibus.
280 536 371 591 Unum
380 536 474 606 itaque
484 535 537 590 lroo
546 534 581 589 ha
603 534 742 589 othonum
751 549 886 589 numerus
896 536 960 590 iste.

157 612 277 666 Alteram
296 626 412 681 quoqne·
427 612 575 665 essentiam
593 608 677 665 habet
694 626 744 682 per
758 610 960 686 septenarium,

157 688 223 757 quia
240 685 414 757 componitur
432 702 467 739 ex
483 685 652 749 unitatibus,
674 685 709 739 ab
722 700 780 739 uno
792 683 962 755 singillatim

157 777 246 831 usque
256 759 293 815 ad
302 766 421 831 septem,
442 768 475 814 ut
487 758 606 815 dixerim
623 760 674 815 hoo
687 768 794 815 tenore:
821 759 897 813 1.11.
914 760 958 813 III.

156 836 202 890 IV.
215 836 249 891 V.
260 836 379 892 -v1.vu.
390 834 540 890 oonfieiunt
550 835 672 892 XXVIII.
703 834 793 889 Tertio
804 840 899 889 autem
910 835 962 889 erit

156 909 344 982 multiplicare
363 918 468 983 septem
486 926 536 981 per
549 918 666 981 quatuor
680 910 832 980 septenaria
846 910 898 963 vel
913 926 961 981 per

156 986 260 1057 septies
273 993 400 1057 quatuor.
439 983 557 1051 Quartus
567 1002 631 1039 vero
641 1000 772 1039 numerus
781 983 961 1055 'septimooo-

157 1069 258 1133 gnatus
272 1068 314 1115 est
327 1061 434 1133 specie,
454 1076 511 1131 quo
524 1058 674 1130 perfectius
688 1058 820 1114 estnihil.
856 1057 907 1113 Ex
917 1060 960 1113 his

158 1152 224 1209 ergo
234 1137 357 1191 numeris
368 1135 577 1191 tabernaculum
588 1134 743 1207 Theologus
758 1134 796 1188 ait
809 1134 898 1204 erigi,
922 1135 961 1189 ita

157 1220 189 1265 ut
204 1211 405 1284 longitudinem
420 1209 516 1265 decem
531 1210 697 1264 eortinarum
717 1209 836 1281 singulis
852 1209 961 1283 viginti

158 1294 219 1341 octo
233 1286 336 1342 cubitis
349 1284 473 1357 perficiat
482 1285 512 1339 iu
523 1283 679 1339 hisoentum
689 1292 717 1339 et
725 1284 878 1357 octoginta,
898 1284 962 1340 lati·

159 1360 287 1416 tudinem
304 1378 370 1415 vero
388 1359 447 1433 (per
467 1359 560 1414 decies
579 1358 705 1432 quatuor)
719 1359 749 1413 in
763 1358 959 1431 quadraginta.

159 1434 375 1508 Quadragenarii
394 1443 485 1491 autem
498 1435 588 1489 virtue
602 1433 728 1489 exhibita
740 1432 864 1497 entibus,
889 1434 961 1489 iam-

158 1508 267 1580 pridem
287 1509 441 1579 dicta·est·,
465 1509 621 1566 bisoentum
636 1524 701 1565 vero
715 1516 742 1564 et
756 1509 896 1582 octoginta
911 1509 961 1566 de-

158 1584 216 1637 cies
225 1593 343 1655 quatuor
352 1584 548 1659 (numerorum)
559 1585 705 1659 septuplex
715 1592 768 1640 est:
800 1583 850 1640 deo
865 1594 959 1641 autem

159 1657 317 1713 dedicatum
327 1668 369 1714 est
378 1661 575 1735 septenarium.

195 1798 244 1849 Cur
260 1799 333 1849 diet.-
359 1799 420 1862 „Er
437 1784 481 1849 erit
498 1801 674 1852 tabernaculum
691 1803 801 1850 anum“t
819 1805 872 1864 (26,
888 1803 927 1866 6.)

214 1903 258 1954 88.
278 1901 384 1955 Dixerit
394 1901 510 1972 ailquis:
533 1902 613 1958 Sedo
624 1903 763 1975 theologe,
779 1903 842 1975 quis
853 1906 961 1959 nesciat

160 1974 203 2038 id,
224 1974 299 2045 quod
313 1991 400 2030 unum
414 1993 468 2031 non
483 1985 524 2032 est
536 1976 673 2033 multum?
701 1985 728 2032 et
743 1977 796 2032 hoe
810 1978 866 2033 iam
881 1980 960 2050 prius

160 2051 220 2121 ipse
230 2048 342 2104 dixisti:
371 2051 576 2108 tabernaculam
585 2057 760 2122 [attenderem
770 2057 890 2116 cortinis,
907 2071 959 2108 non

159 2123 346 2180 tabernacula.
386 2127 520 2181 Fortassis
543 2127 636 2198 itaque
658 2144 707 2198 pro
727 2125 846 2181 firminre
866 2127 960 2201 sigillo

160 2216 247 2255 unum
257 2200 329 2255 dixit
339 2217 400 2255 esse
409 2202 631 2266 tabernaculum,
647 2201 768 2275 figurans
777 2203 898 2257 unitates
908 2202 959 2257 sub

160 2276 226 2331 luna
245 2277 420 2332 exsistentes.
458 2275 592 2342 Quamvis
607 2277 681 2332 enim
695 2285 767 2332 terra
780 2276 815 2332 ab
829 2293 904 2348 aqua
918 2276 959 2331 di-

160 2353 260 2407 stincta
268 2353 318 2415 sit,
335 2360 365 2406 et
372 2368 443 2423 aqua
454 2351 489 2406 ab
498 2355 573 2416 edre,
590 2353 690 2422 aerque
700 2351 825 2424 abtigne,
845 2360 873 2407 et
888 2353 959 2426 ignis

160 2427 196 2480 ab
206 2429 268 2482 istis
277 2426 412 2498 singulis,
424 2426 606 2482 nihilominus
616 2435 708 2481 tamen
717 2428 810 2482 omnia
820 2435 887 2482 sunt
897 2443 959 2482 oon·

159 2503 279 2564 olnnata
291 2501 420 2556 adunam
431 2500 546 2554 formam
556 2501 775 2556 determinatam.
800 2500 957 2566 Quaeemm

160 2591 197 2627 ex
205 2585 244 2630 tot
253 2584 281 2630 et
290 2577 375 2630 tantis
383 2574 535 2647 perfeetum
548 2575 603 2630 tuit
615 2576 742 2638 materia,
764 2591 819 2630 una
833 2576 957 2632 convenit

159 2673 370 2686 ——u—

211 2712 232 2759 ⁵)
245 2714 310 2754 quta
322 2715 393 2755 Gloss.
406 2719 439 2754 ter
451 2725 529 2754 novem
542 2723 585 2752 urm
597 2723 645 2752 enm
659 2716 742 2753 unitate
756 2715 807 2753 dant
819 2715 857 2761 28,
871 2715 926 2754 eleut
937 2715 954 2750 et

160 2764 252 2804 quatuor
264 2765 349 2811 sepues.
380 2767 459 2804 Auen.
