2050 3100
146 199 151 210 ·
178 186 223 236 110
299 190 397 235 curn.
420 190 493 235 run.
515 188 677 245 Quaasr.
696 189 746 232 nr
767 171 845 233 sou.
869 181 987 257 [11111]

174 292 324 361 quicquam
335 289 474 353 admittat,
494 297 641 359 antequam
652 290 762 361 cogitet.
802 290 874 343 Haec
886 299 986 345 autem

174 365 328 419 necessarie
349 372 430 435 atque
450 363 611 418 naturaliter
626 381 661 417 ex
674 373 751 434 patre
767 373 920 419 nascuntur
936 367 985 429 in-

173 440 298 507 tellectu:
325 456 403 491 mens
413 440 487 491 enim
496 455 547 509 per
558 439 752 509 cogitationem
762 440 881 493 seminat
892 440 983 513 digna

174 514 355 583 decentiaque
376 521 402 566 et
417 512 572 583 probabilia
587 512 665 583 apud
677 514 755 576 illos,
777 516 898 584 quinon
914 527 984 570 sunt

173 588 320 642 discordes.
330 588 358 641 in
369 588 483 641 veritate
498 588 682 658 assequenda3
716 588 848 643 admissio
864 606 931 643 vero
948 608 982 644 ea

173 672 227 727 est,
245 680 315 734 quae
327 664 403 715 iuxta
414 662 554 733 proposita
566 663 692 717 concedit
702 664 822 735 siugulis
833 664 979 719 sensibus.

156 746 159 751 '
172 737 307 803 Quoniam
322 736 392 807 quid
405 738 466 791 sine
481 746 572 791 mente
582 738 673 792 valeat
683 739 791 809 operari
801 738 859 792 sola
870 740 982 810 cogita-

172 814 224 875 tio,
242 821 268 866 et
280 809 315 885 [⁴¹⁶]
329 811 398 883 quid
410 810 561 871 admissio‘.l
583 814 685 867 inertes
696 815 769 867 enim
781 822 807 867 et
817 812 981 869 inefficaces

172 888 240 941 istae
251 896 315 955 sunt
325 904 374 957 per
384 904 427 951 se,
450 887 504 940 nisi
519 888 680 942 moveantur
691 906 706 942 a
716 896 806 943 mente
817 888 852 941 ad
863 905 981 960 compe-

172 970 259 1025 tentes
270 962 324 1015 sibi
337 961 447 1017 effectus
462 970 604 1033 actusque.

175 1091 254 1149 Quare
276 1096 376 1157 pariens
401 1095 480 1143 senior
494 1094 575 1155 filium
598 1094 705 1157 appellat
726 1093 817 1157 Moab,
845 1098 978 1146 vocitando

217 1168 309 1225 ,rimer
336 1179 386 1211 eum
416 1162 444 1211 id
469 1162 534 1225 qaod
559 1178 659 1225 aequam
685 1171 737 1210 erat
763 1163 881 1212 occultare
910 1167 926 1228 (
931 1166 979 1215 1100

239 1230 303 1293 eall:
326 1230 369 1279 Ex
382 1239 458 1293 patre
473 1246 523 1278 meo
541 1238 582 1277 eat.
604 1234 657 1291 (19,
677 1230 732 1291 37.)

227 1314 270 1368 57.
297 1314 406 1369 Gloriae
427 1313 608 1378 laetabundae
624 1312 697 1384 apud
713 1322 785 1369 recte
800 1312 978 1391 (symbolice)

170 1388 375 1443 considerantes
391 1397 454 1443 nota
469 1397 510 1442 est
523 1389 586 1442 talis
598 1389 724 1456 asserti03
751 1407 806 1443 uon
816 1391 978 1447 enimsic-ut

169 1461 350 1529 opprobrium
370 1463 502 1515 conticuit
517 1480 549 1515 ac
562 1464 694 1527 cessavit,
716 1464 766 1518 sed
782 1473 924 1536 tamquam
939 1468 978 1522 de

169 1552 269 1606 magna
289 1534 426 1604 probitate
446 1536 574 1591 iactitans
594 1539 623 1592 in
644 1539 823 1612 cogitatione,
849 1541 977 1598 iucundo

170 1610 261 1662 animo
276 1608 358 1663 dicit:
390 1610 481 1664 Habeo
492 1611 661 1684 condignum
671 1613 815 1678 honorem,
832 1632 918 1686 quem
929 1637 978 1672 se-

169 1684 287 1738 minavit
306 1690 383 1754 pater
403 1683 500 1756 quiin
521 1703 565 1739 me
586 1695 627 1740 est
646 1689 815 1757 intellectus;
850 1693 977 1747 maxime

169 1759 244 1829 quod
263 1766 339 1812 satus
359 1759 419 1829 ipse
440 1776 493 1812 nnn
514 1759 625 1815 abortus
646 1762 698 1816 luit
716 1766 835 1819 inaniter
848 1777 977 1838 praeter-

169 1835 243 1895 iens,
264 1832 313 1886 sed
328 1831 466 1904 perlectus
481 1841 571 1889 natus.
581 1835 683 1908 dignus
699 1847 739 1892 est
759 1839 870 1894 effectus
885 1859 977 1914 gene-

169 1908 273 1961 ratione
285 1915 366 1978 atque
380 1907 552 1964 educatione.
592 1910 668 1976 Quae
679 1922 769 1967 autem
780 1925 821 1969 est
830 1921 976 1986 generatio

168 1983 270 2046 mentis
285 1991 311 2035 et
324 1984 497 2054 cogitationis
512 1983 781 2057 irreprehensibilis,
807 1991 863 2044 nisi
878 1996 977 2048 consi-

169 2058 238 2110 lium
253 2056 356 2111 bonum
371 2059 581 2131 optimumque?
608 2061 697 2128 Quare
712 2071 738 2116 et
747 2065 802 2133 qui
813 2073 893 2119 natus
908 2066 974 2134 luit,

106 2157 108 2164 ¹
168 2148 226 2184 mas
241 2140 292 2185 est.
534 2154 539 2158 ’
837 2135 843 2144 ’

171 2253 250 2312 Quare
263 2257 341 2305 senior
350 2256 430 2318 filium
443 2268 524 2322 natum
537 2260 695 2313 demutavit
713 2263 778 2326 „Ex
791 2273 863 2327 patre
881 2283 933 2316 areo
941 2271 975 2327 “,·

234 2323 311 2372 iunior
325 2335 401 2374 autem
415 2324 476 2376 dabit
494 2326 629 2393 „amman
644 2331 715 2392 filius
730 2333 824 2395 emeris
839 2332 922 2380 mei“?
952 2347 975 2384 et

234 2390 263 2438 de
277 2392 355 2454 primo
369 2392 456 2442 dictum
469 2403 518 2443 cst:
547 2396 621 2458 „Iste
636 2408 669 2448 est
679 2408 752 2463 parer
765 2398 932 2450 Moabitarum
941 2405 960 2430 “
966 2423 974 2462 ,-

234 2457 263 2506 dc
276 2459 377 2508 secundo
389 2476 459 2508 vero:
487 2461 560 2523 „Hic
572 2474 645 2527 pater
656 2464 841 2515 Ammonitaraun
858 2469 893 2529 (s.
915 2469 975 2516 Ani-

233 2525 390 2588 mcnitarum)
408 2543 480 2590 usque
499 2530 524 2577 in
542 2530 678 2591 hodiernum
696 2533 797 2581 (110111“.9
817 2534 871 2595 (19,
891 2539 924 2584 37
937 2540 974 2598 s.)

222 2628 265 2678 58.
286 2626 517 2699 Quandoquidem
527 2633 576 2702 qui
587 2633 701 2702 cogitat,
719 2635 876 2691 intellectus
887 2655 983 2692 voca—-

146 2707 209 2750 'tur
230 2708 256 2752 et
275 2702 404 2772 cogitatio
425 2703 556 2776 dirigitur
575 2705 609 2760 ad
628 2705 699 2760 bene
723 2709 972 2781 considerandum,—
