2050 3100
176 194 222 246 teo
297 198 395 243 auin.
414 196 488 243 1un.
509 196 668 255 Quansr.
688 197 738 241 nr
757 196 836 241 eor..
863 190 980 258 [mma]

177 362 235 421 Qea'e
247 372 282 413 est
292 360 515 425 Rebecaaaftaiar,
534 360 574 411 cei
581 360 722 425 conecsu't
730 359 835 409 Labant
852 363 908 423 (24,
918 363 977 425 29.)

230 474 287 528 lli.
312 473 426 529 Animae
444 480 552 527 nostrae
567 470 648 526 frater
662 479 704 525 est
718 486 754 525 ex
767 479 878 535 natura,
899 488 977 526 unus

174 548 329 612 rationalis,
346 547 550 603 alterbrutalie.
580 546 717 601 Rationali
727 547 820 616 itaque
830 547 860 599 in
871 555 976 601 sortem

173 623 236 679 data
250 630 293 677 est
305 623 397 693 virgo,
418 622 638 693 perseverantiae
646 621 883 692 perennitatisque
896 638 976 694 eym-

173 698 282 761 bolnm,
299 698 423 764 dedocem-
447 696 550 752 brutali
559 711 625 750 vero
634 696 738 758 meno,
753 695 919 766 quippeqni
930 697 975 749 in-

172 778 336 843 terpretatur
355 770 487 835 albedo,
513 769 651 825 indicium
668 770 800 825 claritatis
816 786 910 825 rerum
928 788 976 824 se-

173 846 296 903 cundum
307 862 416 903 sensus.
454 844 567 917 Oportet
580 846 654 899 enim
669 845 771 915 optime
782 861 876 907 nosse,
896 845 976 915 qnod

173 920 406 993 quemadmodum
416 918 976 976 elementorumvooislitterelistreesunt

173 996 378 1060 distinctiones,
390 995 528 1068 quaedam
537 994 660 1059 vocales,
670 993 807 1066 quaedam
815 992 896 1066 (inter
906 1010 974 1049 con-

172 1070 310 1143 sonantes)
323 1071 517 1135 semivocales,
534 1070 604 1125 aliae
617 1086 683 1125 vero
697 1086 765 1125 voce
778 1076 916 1132 carentes,
933 1070 974 1121 si·
1006 1130 1010 1138 ,

172 1147 276 1203 militer
288 1164 318 1203 se
333 1146 416 1201 habet
428 1154 457 1202 at
465 1153 557 1202 nostra
567 1145 620 1199 ista
628 1152 738 1212 natura;
759 1161 823 1199 nam
832 1143 923 1199 vocali
933 1144 974 1198 si·

172 1223 249 1279 milis
259 1230 301 1279 eet
310 1222 466 1279 intellectus
476 1228 504 1276 at
518 1218 678 1275 semivocali
692 1235 803 1282 sensns,
824 1235 892 1273 voce
906 1235 973 1273 vero

172 1298 276 1355 carenti
286 1311 396 1368 corpus.
409 1293 446 1371 [*]
479 1296 581 1351 Verum
592 1292 627 1347 de
637 1300 759 1348 extremo
768 1292 902 1365 incipiam
912 1292 973 1347 dis-

172 1390 273 1429 serere.
313 1372 391 1427 Sieut
409 1371 483 1425 enim
501 1387 578 1425 mere
595 1385 747 1423 consonans
765 1385 815 1439 per
833 1384 865 1423 se
880 1368 972 1423 solum

171 1446 278 1501 nullam
295 1445 378 1501 habet
394 1445 535 1515 propriam
550 1459 660 1507 vomm,
684 1443 861 1498 coniunctum
879 1451 971 1497 minen

172 1519 262 1576 vocali
272 1535 367 1576 vocem
377 1518 485 1590 perlicit
493 1517 653 1575 litteralem:
664 1518 766 1590 pariter
776 1527 803 1574 et
811 1534 911 1590 corpus
921 1535 971 1574 no-

172 1602 260 1648 strum
271 1594 300 1647 in
310 1611 340 1647 se
351 1595 412 1664 ipso
421 1593 510 1646 solnm
521 1611 634 1648 manens
644 1593 785 1648 immobile
799 1601 854 1657 est,
875 1610 971 1648 move·

172 1677 217 1722 tur
237 1676 327 1722 autem
346 1667 381 1722 ab
400 1667 492 1720 anima
505 1668 632 1723 rationali
646 1669 724 1723 iuxta
738 1667 848 1741 singula
865 1669 972 1722 instru-

172 1751 263 1798 menta
273 1742 394 1813 partium
404 1741 438 1796 ad
449 1741 493 1806 id,
504 1743 581 1813 quod
593 1743 648 1800 sibi
658 1745 786 1798 convenit
796 1759 827 1797 ac
837 1759 907 1813 opus
917 1751 968 1797 est.

171 1817 270 1871 Itidem
286 1817 358 1870 sicut
371 1816 548 1872 semivocalia
562 1834 660 1873 sonum
675 1815 794 1872 reddunt
810 1813 970 1872 claudican-

171 1901 226 1945 tem
237 1900 264 1944 et
273 1889 478 1961 imperfectum,
499 1892 525 1946 si
538 1909 605 1947 vero
617 1891 803 1965 adiungantur
815 1891 967 1955 vocalibus,

171 1965 281 2036 plenam
295 1979 391 2020 vocem
406 1965 578 2022 articulatam
591 1983 658 2038 prae
671 1984 701 2022 se
710 1967 814 2022 ierunt:
835 1974 969 2021 eotenore

171 2047 198 2094 et
212 2055 311 2094 sensus
329 2048 420 2096 noster
438 2043 591 2098 semivivus
606 2050 634 2097 ct
649 2042 828 2114 imperfectus
845 2041 970 2096 medium

170 2123 245 2170 tenet
253 2114 379 2170 ordinem
389 2117 460 2172 inter
470 2117 641 2172 intellectum
653 2125 682 2172 et
693 2133 803 2189 corpus.
833 2115 968 2182 Quoniam

170 2189 206 2244 ab
215 2198 332 2261 utroque
342 2191 457 2246 istorum
469 2200 574 2264 partem
589 2191 685 2247 debet:
706 2208 761 2247 non
775 2199 817 2246 est
828 2191 970 2246 inanimus

171 2265 243 2319 sicut
252 2279 365 2336 corpus,
378 2281 428 2322 nee
438 2267 581 2322 intellectu
591 2267 733 2338 praeditus
742 2268 815 2323 sicut
823 2267 966 2339 cogitatio,

170 2338 281 2410 quando
291 2355 357 2396 vero
365 2355 444 2396 mans
453 2359 482 2397 se
488 2341 639 2397 extendens
645 2341 969 2414 copulatnreintadscri-

170 2422 230 2485 pta,
252 2413 376 2488 disponit
389 2431 452 2471 enm
467 2416 501 2471 ad
511 2417 679 2472 rationaliter
689 2415 843 2472 videndum
852 2416 969 2471 andien-

170 2489 293 2561 dnmque
306 2499 333 2545 et
346 2489 510 2561 simpliciter
521 2491 690 2562 loquendum
700 2507 764 2546 cum
774 2492 880 2551 ratione
888 2499 915 2545 et
923 2509 968 2545 ra-

169 2564 502 2622 tionalitersentiendnna.
542 2566 625 2621 Porro
633 2566 967 2638 eadcmratione,quem·

170 2637 319 2694 admodum
330 2638 434 2694 vocalia
445 2647 501 2695 tem
510 2657 561 2712 per
570 2656 613 2703 se,
633 2656 718 2710 qnam
732 2640 819 2695 mixta
832 2655 896 2695 oum
904 2657 967 2696 cae-

169 2712 234 2765 teris
243 2729 339 2767 vocem
355 2713 440 2770 edunt
456 2715 610 2786 propriam,
631 2715 761 2770 similiter
776 2722 803 2770 et
818 2732 896 2771 mens
909 2725 964 2770 tam
