2050 3100
178 197 226 249 ⁴22
302 200 400 245 PHIL.
419 198 493 243 lun.
513 197 675 254 QUAEST.
693 196 743 241 ΕΤ
768 190 989 259 ³01..[11,aoe.]

176 302 242 355 bera
256 300 306 355 vix
320 298 430 361 servili,
455 298 567 351 omnino
586 313 650 351 eum
668 296 805 367 sapientia
821 294 987 371 adornat*),

176 384 203 431 et
213 374 339 429 deditum
351 373 503 444 sapientiae
517 370 650 426 adscribit
663 372 692 425 in
705 372 806 426 seriem
818 371 990 444 principum

176 465 328 522 regumque
353 448 547 502 maximorum.
596 444 729 512 Quartum
749 463 816 500 vero
841 450 989 503 connectit

177 526 254 579 iuxta
264 522 391 579 ordinem
401 522 560 577 insertionis
570 521 725 575 necessario
738 520 769 575 id
778 520 854 591 quod
864 523 988 593 respicit

176 598 211 653 ad
221 599 414 655 constantiam:
437 596 577 668 siquidem
586 598 772 651 inconstantes
782 604 847 650 sunt
855 603 883 650 et
893 596 988 651 cadu-

176 691 224 729 cae
239 673 382 727 hominum
396 670 647 743 ordinationesfl),
672 670 848 742 perturbatae
863 687 988 741 perver-

176 765 278 819 saeque
289 746 442 803 secundum
453 764 556 811 mores,
568 753 684 802 eventus
694 754 721 800 et
730 744 865 812 fortunam
879 763 986 801 verum

175 823 361 879 ordinationes
376 821 422 877 dei
437 822 613 877 firmissimae
625 828 691 876 sunt
708 837 743 875 ex
759 820 870 892 propria
886 821 987 876 inccr-

175 898 360 971 ruptibilitate
375 896 539 953 exhibentes
551 896 609 952 illis
621 896 774 970 legitimam
783 897 984 951 constantiam.

214 1052 294 1111 (lucre
311 1054 405 1107 dieunt:
432 1053 487 1117 „In
505 1053 585 1105 electr'a
599 1053 751 1104 menni
767 1053 853 1102 aorem
869 1054 951 1117 sepeli

415 1130 529 1173 mortuom
546 1124 650 1171 tmaa“i
677 1121 737 1187 (ib.)

231 1226 275 1279 77.
300 1225 403 1281 Littera
418 1223 508 1279 lacllls
523 1231 565 1278 est
578 1231 674 1295 captu:
699 1222 735 1277 ob
750 1222 896 1285 honorem,
922 1239 985 1294 quo

176 1317 240 1355 eum
259 1299 510 1371 prosequebantur,
536 1296 603 1352 fassi
622 1306 687 1353 sunt
704 1296 854 1353 concedere
872 1298 900 1350 ei
920 1299 985 1353 ele-

176 1384 251 1430 ctum
261 1376 430 1444 sepulcrum.
451 1373 494 1429 Ad
505 1382 625 1429 mentem
636 1390 713 1428 vero:
731 1375 760 1428 in
770 1372 883 1428 bomine
891 1388 984 1444 pravo

175 1449 247 1502 vivit
265 1463 365 1518 corpus
383 1464 433 1518 per
450 1447 616 1518 cupiditates
633 1456 661 1502 et
673 1448 828 1520 voluptates
841 1462 899 1501 una
912 1464 983 1502 cnm

176 1521 283 1576 cunctis
297 1522 395 1586 rebus,
416 1521 699 1593 quibusdelectatur,
720 1524 793 1579 sicut
807 1523 980 1592 animatum

176 1605 202 1651 at
216 1596 246 1650 in
260 1596 362 1650 virtute
374 1596 498 1668 praedito
511 1607 649 1653 mortuum
662 1607 717 1663 est,
738 1599 896 1670 praeterens
906 1599 940 1654 in
951 1617 983 1655 se

176 1669 277 1726 samem
286 1669 484 1725 mediocritatis
498 1679 526 1725 et
539 1679 704 1745 temperatae
717 1675 917 1738 continentiae,
942 1677 982 1730 ita

176 1755 206 1800 ut
226 1745 300 1800 haud
319 1745 457 1800 immerito
476 1744 597 1805 dicatur.
628 1749 703 1820 qnod
726 1750 860 1821 sapientis
884 1750 982 1805 anima

176 1820 252 1875 velut
275 1818 407 1875 abeneam
429 1820 593 1894 imaginem,
633 1825 815 1880 inanimatum
837 1841 869 1878 ac
891 1840 982 1897 grave

175 1910 275 1965 corpus
299 1891 335 1969 [⁴¹⁵]
359 1895 479 1962 babens,
510 1913 620 1969 semper
638 1908 777 1954 mortuum
796 1901 825 1953 in
843 1915 874 1953 se
892 1902 980 1973 gerit.

175 1970 256 2024 Porro
266 1970 393 2041 exempla
403 1973 537 2026 contraria
546 1983 736 2045 opponuntur,
753 1974 890 2029 dicentes:
921 1977 983 2031 No·

176 2043 220 2098 bis
231 2042 297 2098 cede
311 2053 338 2099 et
347 2047 466 2101 concede
482 2063 576 2102 curam
590 2049 651 2103 eius
660 2048 792 2121 (corporis
802 2051 863 2104 sive
872 2051 981 2124 carnis)

175 2127 202 2173 et
211 2120 445 2189 procurationem,
461 2130 492 2176 ut
503 2121 618 2177 electam
627 2127 739 2179 omnino
748 2133 853 2196 partem
863 2123 979 2190 habeat,

95 2223 100 2244 t
174 2203 202 2248 et
221 2195 351 2248 memoria
370 2195 487 2269 dignum
506 2196 643 2253 efficiatur
661 2200 818 2271 percibum
837 2206 865 2253 et
879 2209 980 2270 potum

174 2267 436 2342 indumentumque,
448 2289 554 2344 perque
563 2274 668 2338 omnia,
683 2290 755 2346 quae
765 2275 892 2329 serviunt
902 2276 982 2332 vitae

174 2343 336 2409 deliciosae,
359 2346 448 2402 lautae
464 2350 669 2420 et'exquisitae.
708 2350 759 2405 llle
772 2365 838 2404 vero
852 2348 982 2422 (sapiens

174 2437 198 2474 s.
219 2419 310 2474 anima
328 2422 472 2495 sapientis)
487 2416 573 2495 'aegre
593 2422 645 2478 tert
663 2424 736 2479 dicta
761 2433 787 2479 et
811 2433 982 2496 exspectans

174 2495 306 2567 temperie
320 2494 404 2551 hebet
421 2497 570 2571 diligenter
586 2515 693 2564 curam,
720 2500 827 2555 leniens
844 2498 982 2559 adversa-

225 2671 246 2711 ’ἱ
259 2681 277 2712 s.
291 2671 343 2712 atcut
351 2671 474 2719 septentiam
483 2671 579 2710 celatam.
604 2669 686 2711 Auen.

224 2739 258 2784 ¹⁴)
271 2749 289 2778 a.
302 2738 447 2787 tcpoetnonea
456 2740 625 2786 notaremur.
651 2737 732 2779 Anch.
