2050 3100
166 136 215 190 248
307 140 405 185 rurs.
417 140 491 185 run.
505 138 669 198 Qunnsr.
681 136 731 181 nr
745 137 819 183 son.
847 132 892 199 [11.
905 135 972 201 ern]

167 241 243 296 varia
253 240 388 294 similium
398 240 565 307 accidentia3
580 257 610 295 ac
621 215 721 310 siquis
732 238 969 310 diceret,quodln

165 333 210 370 me
225 324 251 369 et
264 316 338 369 Esau
353 323 407 378 est,
425 332 544 386 quereus
558 313 721 369 inflexibilis
736 323 762 369 et
772 314 904 370 inclinari
915 334 969 372 ne·

165 391 236 453 scia,
252 398 333 461 atque
342 391 463 461 pilosus,
476 392 582 446 alienae
592 391 702 452 virtutis
709 389 855 461 ‘probabile
867 408 967 446 exem·

163 465 243 537 plum
253 473 280 520 et
291 466 488 536 intemperatus
503 467 533 521 in
547 465 697 537 impetibus
712 466 784 530 suis,
805 466 855 536 qui
871 466 965 522 brutis

163 539 362 611 indomitisque
371 541 411 595 im
431 540 523 595 atibus
533 541 647 595 incedit.
685 541 715 594 ln
726 557 769 594 me
780 548 806 595 et
816 540 899 595 Iacob
909 552 962 607 est,

163 614 251 669 laevis
263 615 326 680 ille,
342 632 396 671 non
409 558 445 691 ii]
458 617 613 671 scabrosus.
631 657 633 661 Α
651 616 682 669 ln
692 632 736 669 me
747 623 773 669 et
783 632 868 670 senex
880 627 907 671 et
918 619 964 672 iu-

163 691 252 754 venis,
267 692 452 763 princepsque
461 693 566 764 quique
575 691 704 763 princeps
714 707 768 745 non
779 700 828 755 est,
841 700 867 745 et
878 709 963 747 mun-

38 745 44 755 *
93 775 96 780 ⁴
162 752 216 819 dus
231 774 258 820 et
272 765 413 821 deformis.
452 768 554 823 Verum
570 764 679 839 quando
694 766 757 836 quis
768 766 899 821 virtutem
911 767 962 822 ha-

162 840 222 904 het,
243 841 273 895 in
287 843 421 897 contraria
435 844 532 898 virtuti
547 850 573 897 et
592 841 695 898 similia
713 840 858 911 superficie
879 851 961 898 tenus

162 932 252 987 usque
267 915 301 970 ad
315 926 417 972 tactum
427 918 517 972 solum
526 917 683 989 impingens
692 915 809 971 illudere
821 915 958 982 videatur,

163 992 278 1046 minime
287 1009 352 1054 vero
362 993 514 1047 secundum
524 991 646 1046 indolem
655 999 868 1064 cognatamque
879 1010 960 1065 repe·

162 1067 232 1123 ritur
243 1068 401 1140 exemplum
410 1068 500 1123 omnis
510 1077 649 1123 creaturae
659 1084 690 1121 ac
700 1067 833 1122 mortalis.
864 1066 959 1134 Quan-

163 1142 198 1197 do
213 1160 278 1198 vero
292 1144 381 1198 malus
396 1144 445 1207 sit,
467 1160 511 1198 res
521 1143 698 1213 insipientiae
709 1150 735 1197 et
744 1143 898 1199 iniustitiae
908 1161 960 1215 pa·

163 1217 342 1290 lamproiert3
364 1236 406 1273 res
416 1227 508 1273 autem
517 1218 668 1290 sapientiae
678 1226 705 1271 et
713 1218 834 1272 iustitiae
844 1219 958 1275 simulat

162 1293 316 1347 infirmiter.
365 1294 486 1349 Dicendo
504 1294 591 1367 igitur
609 1293 680 1364 patri
699 1292 792 1347 lsoob:
827 1294 883 1363 qu
901 1313 959 1350 aum

161 1367 246 1430 Esau,
261 1373 358 1422 v'erum
367 1369 436 1424 dicit
445 1367 597 1424 secundum
608 1375 720 1422 naturae
730 1370 876 1433 rationem,
897 1371 958 1425 ani·

162 1456 206 1493 ma
217 1441 370 1496 secundum
380 1460 440 1499 eam
450 1442 564 1499 formam
574 1460 604 1498 se
613 1447 749 1499 movente.

159 1837 233 1921 lisau
252 1837 301 1891 ille
324 1838 446 1911 ligneus.
478 1861 652 1917 nequaquam
670 1844 816 1910 flexibilis,
848 1849 954 1919 pilosus

159 1919 226 1963 rtem
240 1919 267 1964 et
285 1912 419 1969 obscurus
434 1917 469 1972 ad
484 1920 631 1990 captandas
646 1922 780 1977 virtutum
795 1921 904 1995 fruges,
929 1933 954 1979 et

158 2000 272 2054 procax,
284 1987 314 2041 in
324 1990 462 2045 montibus
472 1995 576 2064 passim
586 1996 748 2065 procedens.
776 1993 809 2051 In
817 2013 863 2052 me
874 2000 952 2054 etiam

158 2059 238 2143 Iacob
248 2059 332 2128 lenis,
354 2081 404 2119 nec
414 2074 515 2123 temere
527 2070 626 2124 audax.
665 2072 696 2125 ln
706 2089 751 2126 me
766 2079 793 2126 et
808 2080 952 2128 veteranus

158 2140 184 2217 et
194 2137 317 2202 iuvenis,
337 2146 364 2193 et
373 2141 498 2210 privatus
508 2152 536 2199 et
544 2145 733 2217 magistratus,
753 2164 787 2201 ne
798 2164 843 2202 me
852 2157 880 2203 et
889 2148 952 2203 reli-

157 2224 253 2293 grosus
267 2212 395 2283 inquitet
407 2217 548 2286 profanus.
588 2219 617 2274 si
629 2221 702 2275 enim
713 2221 856 2276 studiosus
866 2223 948 2288 fuero,

158 2280 434 2345 differentiavirtutis
448 2288 621 2350 ostentatoiie
635 2304 662 2350 et
671 2298 823 2368 procaciter
833 2315 885 2371 ego
894 2292 952 2354 tanss

158 2361 299 2444 tummodo
312 2373 444 2436 quantum
460 2369 548 2424 oculis
561 2370 698 2441 placeres,
726 2371 830 2428 sufficit
844 2376 951 2446 sapien-

158 2440 213 2487 trae
227 2444 254 2489 et
268 2438 389 2495 iustitiae
403 2443 500 2496 merita
515 2443 724 2500 dissimulando.
763 2448 885 2504 Dicendo
901 2450 950 2504 ira-

159 2523 212 2575 que
222 2511 316 2569 lacob:
337 2515 457 2583 Eposum
465 2517 549 2581 Esau,
571 2510 761 2589 imploratione
774 2531 888 2579 naturae
899 2541 949 2578 nou

158 2586 302 2707 metentitur,
321 2588 388 2644 dum
398 2589 489 2644 anima
498 2591 651 2646 secundum
659 2594 738 2649 illius
746 2597 872 2667 speciem
882 2607 950 2654 mota

156 2667 185 2704 es
200 2693 207 2706 .
