2050 3100
71 191 151 263 [Li]
212 196 264 243 DE
283 193 557 244 Pnovlnnum
574 195 702 262 SERMQ
721 197 740 241 1.
845 192 877 243 {3

131 298 163 353 Si
182 297 277 368 itaque
298 294 389 367 quoad
408 314 501 351 rerum
521 312 615 352 curam
633 296 771 368 inculpat,
798 295 879 373 dattp

70 372 263 447 providentia.
301 374 341 426 lta
351 369 435 443 esst).
639 427 641 430 v

133 448 168 503 dt
178 447 249 502 bona
260 455 337 501 estne
347 444 540 517 providentia?
557 446 629 501 Bona
643 462 718 504 sane.
832 496 835 503 .

113 521 348 594 ¹Improvidentia
367 528 458 575 tamen
478 539 533 596 non
553 529 594 576 est
612 521 694 578 bona.
733 521 793 578 Non
813 536 878 592 ergo

69 596 321 669 improvidentiam
332 596 392 651 dari
403 596 472 652 dioit
489 598 528 662 is,
549 598 599 668 qui
609 597 718 652 incusat
725 594 878 668 providen-

70 676 155 729 tiam.
193 673 244 726 lta.
337 675 339 679 ’
375 677 380 687 ’
534 672 549 723 .’
704 681 708 696 “
803 707 804 710 =

131 747 215 814 Novit
224 762 289 818 ergo
299 744 513 817 providentiam.
553 743 680 810 Omnino.

132 821 212 888 Quod
223 830 314 876 autem
325 822 427 885 noscit,
439 820 557 875 habetne
567 819 715 876 inanimo?
727 820 838 892 Utique.
924 827 927 834 '

130 896 211 968 Quod
216 900 286 952 'vero
296 895 379 951 habet
390 904 436 951 aut
445 895 547 951 didicit·
554 902 600 951 ant
609 896 715 951 invenit
726 904 773 951 aut
782 912 818 951 ex
827 912 878 949 na-

70 971 304 1028 turaiamhabet.
341 972 448 1034 Itaest:
738 968 744 978 “

130 1046 283 1102 Accusatne
296 1043 558 1118 improvidentiam?
575 1040 675 1111 Etiam.

133 1191 159 1252 4,,
179 1188 262 1243 Porro
272 1190 333 1259 ipse
343 1204 444 1259 parsne
453 1195 495 1241 est
504 1184 648 1241 universi?
666 1184 719 1252 Qui
730 1184 802 1240 non?

130 1264 212 1327 Pars,
233 1264 359 1335 inquam,
381 1258 757 1318 cumunivorsoooniunotai
775 1262 878 1315 Neces-

71 1339 159 1393 sario.
518 1357 520 1362 ¹
724 1339 727 1346 '

131 1413 217 1483 Atqui
231 1413 256 1466 is
271 1413 320 1483 qui
335 1412 460 1466 universi
475 1419 518 1465 est
531 1427 595 1482 pars
608 1410 739 1481 novitque
752 1410 877 1465 universi

71 1488 292 1562 providentiam,
315 1504 427 1541 neeesse
444 1494 486 1540 est
501 1494 532 1540 nt
547 1486 581 1541 ab
594 1486 725 1540 universo
743 1485 812 1558 quid
827 1485 878 1540 ha-

71 1565 139 1631 beat
154 1563 354 1635 providentiae.
395 1561 426 1616 Si
442 1558 508 1635 ergo
523 1562 558 1617 ab
571 1563 702 1617 universo
715 1562 784 1633 quid
794 1558 877 1617 hab‘et

70 1639 281 1712 providentiae,
306 1655 338 1693 eo
355 1638 430 1709 quod
444 1654 508 1709 pars
523 1646 564 1693 est
579 1637 716 1702 universi,
740 1637 877 1710 quomodo

71 1731 141 1787 ergo
152 1732 206 1769 non
217 1713 305 1768 aderit
314 1711 508 1785 providentia?

132 1850 160 1902 5.
180 1847 324 1903 Caeterum
334 1849 383 1919 qui
393 1847 534 1909 doetrinae
543 1847 635 1905 studio
645 1865 755 1920 operam
766 1847 821 1911 dat,
836 1846 877 1901 Ιει-Ι

71 1922 152 1979 boris
165 1924 263 1978 timore
278 1923 313 1978 ab
327 1923 509 1995 expendenda
526 1922 562 1999 [*]
580 1941 623 1988 re,
648 1940 732 1995 quam
749 1922 875 1994 inquirit,

15 2045 19 2050 ,
70 2014 219 2068 nunquam
234 1997 380 2053 abstineat.
419 1999 552 2066 Quamvis
568 2001 642 2054 enim
656 1998 780 2053 difficilis
795 2005 877 2069 captu

70 2074 201 2144 quaestio
215 2074 264 2137 sit,
286 2082 377 2143 tamen
392 2091 455 2128 eum
469 2075 554 2129 huius
569 2073 666 2129 mnndi
680 2090 803 2133 summae
813 2071 877 2144 pnl-

71 2147 245 2203 chritudinis
261 2148 467 2220 cognoscendae
482 2167 564 2204 eausa
581 2144 806 2220 'contemplationi
824 2147 878 2200 im·

71 2222 242 2286 morabitur,
264 2223 464 2278 animadvertet
482 2242 545 2278 eum
560 2224 597 2278 ita
613 2241 672 2278 esse
687 2223 875 2283 constitutum,

70 2308 105 2352 ut
115 2315 166 2369 per
176 2292 281 2368 partes}
309 2298 413 2369 quibus
427 2301 591 2363 exstruitur,
616 2315 646 2352 se
655 2299 747 2368 ipsum
759 2296 878 2349 declaret

72 2390 107 2428 ao
118 2372 154 2426 de
164 2390 194 2426 se
205 2373 342 2444 loquatur.
368 2375 437 2428 Hine
446 2374 495 2445 qni
505 2374 624 2446 optimae
634 2372 700 2426 fidei
710 2388 771 2426 esse
781 2371 878 2424 existi·

125 2545 150 2594 ¹)
164 2546 244 2586 Sensus
258 2549 309 2587 crttr
327 2547 376 2595 lpne
389 2557 477 2597 prorant
490 2549 603 2587 acentetor
615 2544 760 2593 providentiae
773 2544 808 2589 (oo
821 2543 878 2591 qnod

73 2599 149 2646 aliqua
162 2600 209 2637 eins
222 2609 287 2647 opera
300 2600 355 2637 nolit
366 2599 475 2647 probare),
494 2599 587 2637 fateatur
599 2606 687 2636 nocente
700 2598 742 2642 est,
760 2593 817 2642 quoa
829 2599 878 2641 pro*-

73 2649 183 2694 vtdontia‚
202 2659 273 2697 eaque
290 2651 380 2698 optima,
403 2650 490 2689 omnino
507 2651 536 2688 ait
552 2648 678 2688 necessario.
710 2645 757 2694 Quo
776 2653 878 2683 concesso

72 2700 264 2790 {adffidtlpnntur
277 2700 379 2740 ridiculae
392 2701 540 2740 aeonutlonea
556 2699 661 2738 humanae
678 2696 704 2736 do
721 2696 794 2735 divina
805 2695 877 2744 provi-

91 2760 117 2789 en
207 2752 263 2790 noh.
803 2771 804 2774 =

282 2874 288 2896 i
