2050 3100
172 135 220 187 lib
394 140 581 185 ratbotus
604 138 743 185 tunam
856 132 901 199 [IL
912 131 968 197 bib]

171 240 229 295 lum
239 238 427 295 matrimonii?
449 240 509 294 Non
521 239 551 293 in
559 236 779 293 misericordiam
789 239 970 312 coniugisre-

171 316 267 387 spicis,
279 330 368 385 neque
378 314 413 369 de
423 315 485 385 ipsa
494 331 590 387 mensa
600 313 747 377 erubuisti,
759 330 846 384 quam
853 322 903 369 tua
912 332 970 388 gra·

171 392 210 445 tia
224 390 359 461 Sampson
373 390 498 444 inritatis
512 387 669 459 proposuit3
700 387 751 443 sed
770 397 835 444 ante
850 390 971 463 eomple-

170 474 227 519 tum
243 465 403 521 convivium
413 464 567 525 dissolvisti
577 462 797 530 matrimonium
825 473 970 536 antequam

171 558 298 595 coronam
313 540 478 611 deponeres,
501 539 591 593 virum
605 537 755 592 tradidisti.
794 539 861 594 Fuit
882 549 969 595 autem
1003 601 1004 612 χ

171 615 222 669 tibi
233 614 369 669 thalamus
380 615 510 668 inimicus
521 614 674 677 exornanti,
690 621 717 667 et
725 612 866 683 nuptiales
878 624 970 669 eantrrs

171 689 260 743 iecisti
276 689 482 744 lamentationes
497 688 669 759 planctuum.
703 685 896 754 ‘Quamobrem
912 690 970 752 tha·

170 764 274 818 lamum
284 780 338 817 non
348 771 525 835 postseptem
539 762 614 826 dies,
634 771 667 817 ut
680 763 709 816 in
723 761 849 817 moribus
865 774 908 820 est
921 781 969 819 nu-

169 840 303 967 ptiarum,
320 838 470 913 collegisti,
487 837 538 894 sed
548 838 659 909 nuptias
670 837 803 893 connubii
813 838 968 895 dissolvens

189 913 291 971 unisti.

272 972 282 995 0

225 1042 266 1095 ll.
284 1036 322 1095 Ut
336 1054 401 1111 ergo
408 1039 571 1110 praevalens
582 1038 725 1110 superarit
733 1036 829 1103 dolus,
847 1042 969 1095 etvictm

169 1116 331 1170 vincebatur
351 1122 378 1169 et
392 1113 495 1169 devicti
510 1113 672 1175 vincebant,
690 1109 730 1187 [Ἴ
743 1122 897 1184 coeperunt
909 1132 970 1186 pro-

169 1190 261 1246 blema
274 1189 394 1258 solvere3
428 1190 561 1260 quoniam
573 1189 689 1243 omnino
699 1189 834 1243 rationem
851 1189 969 1245 redden·

168 1274 224 1329 tes,
244 1266 294 1337 qui
309 1272 502 1319 concurrentes
520 1263 678 1327 adstabant,
701 1279 868 1334 responsum
887 1265 969 1321 dede·
1003 1293 1004 1304 r

168 1348 245 1395 runt:
279 1340 349 1406 Quid
361 1342 464 1393 dulcius
477 1342 563 1402 melta,
582 1348 607 1394 ct
620 1343 684 1407 quid
695 1343 790 1407 fortius
799 1342 875 1394 leone
884 1348 967 1409 (todia
1003 1361 1004 1376 ¹

169 1422 209 1480 14,
221 1413 284 1479 18)l
309 1416 381 1469 llaec
391 1413 507 1472 audiens
518 1413 653 1485 Sampson
663 1414 786 1484 satisque
795 1430 920 1471 noscens
928 1418 969 1471 in·

167 1488 255 1542 sidias
275 1488 398 1555 dolosas,
418 1488 493 1543 unde
508 1488 624 1553 luerint,
646 1488 803 1554 Problema,
825 1490 968 1564 inquit,o

168 1564 236 1628 viri,
258 1565 314 1618 iam
328 1566 450 1621 solutum
464 1573 519 1633 est;
551 1565 667 1619 victoria
676 1573 768 1622 tamen
778 1562 911 1622 mulieris
919 1575 967 1629 est,

169 1655 223 1692 non
229 1640 365 1698 virorum:
387 1641 419 1696 St
428 1641 502 1702 enim
512 1643 832 1696 nonoroasetias‘aoitulo
841 1657 909 1707 mes,
921 1659 969 1696 aon

168 1719 328 1770 incestualis
335 1720 537 1784 propositionem
545 1732 628 1770 meam
638 1722 705 1784 (ia).

225 1841 267 1897 te.
307 1837 503 1896 Osecundam
525 1840 691 1912 sapientiam
708 1837 968 1914 mirificentiamque
1003 1888 1004 1891 ,

168 1930 277 1968 rursum
293 1917 469 1989 aenigmatis,
490 1915 566 1994 quod
579 1915 765 1987 nequiverunt
781 1914 905 1986 perfecte
920 1934 969 1972 no·

167 2005 242 2044 scere
250 2030 259 2052 ,
279 1990 335 2046 nisi
350 1991 461 2062 quando
472 1989 575 2047 lactum
584 1989 620 2044 ab
629 1990 687 2056 illis
697 1990 840 2062 negotium
849 1991 969 2046 manile·

167 2073 207 2117 ste
217 2063 356 2134 patefecit.
395 2065 469 2132 Quid
478 2067 533 2130 ais,
548 2064 724 2136 oSampson:
740 2064 772 2120 Si
780 2072 968 2122 marcentia

166 2155 210 2192 cos
230 2143 258 2192 ta
276 2143 359 2194 uitulo
378 2159 445 2205 mea,
475 2159 527 2195 non
543 2144 678 2195 accusetis
692 2143 847 2207 parobolam
865 2139 968 2196 meam?

165 2209 238 2276 Quid
254 2213 305 2267 hoc
323 2214 446 2270 indicare
461 2214 542 2281 velit,
567 2214 637 2268 mihi
658 2213 769 2269 videtur
786 2229 837 2268 nos
854 2231 966 2288 quoque

166 2285 352 2359 disquirentes
361 2290 517 2364 intelligere
527 2307 580 2344 non
591 2304 686 2361 posse:
701 2305 798 2344 verum
807 2288 889 2344 decet
900 2291 967 2345 alie-

166 2362 280 2432 nigenas
294 2363 419 2434 ignorare
435 2365 595 2437 Sampsonis
608 2363 766 2434 parabolas,
789 2381 804 2418 a
819 2363 902 2419 nobis
918 2383 966 2420 au-

164 2441 220 2486 tem
231 2437 353 2506 cognatis
363 2441 504 2509 cognosci,
528 2455 582 2494 non
597 2436 722 2492 enim'ad
736 2438 854 2493 insidias
863 2443 966 2510 paran-
1003 2498 1004 2507 ,

166 2503 231 2566 das,
249 2509 346 2572 utilli,
366 2513 539 2580 quaerimus,
560 2512 610 2566 sed
624 2513 658 2567 ad
668 2514 771 2586 gratias
781 2513 833 2569 deo
844 2515 965 2586 agendas
1003 2530 1004 2533 ’

164 2577 255 2646 adque
273 2584 432 2638 memoriam
451 2587 603 2656 sapientiae
625 2586 774 2642 discendae
793 2587 828 2642 ad
847 2605 964 2644 examen

163 2662 209 2698 eas
220 2652 381 2722 redigimus.
409 2658 499 2722 Mitte,
512 2676 695 2730 quaesumus,
707 2663 736 2716 in
747 2671 868 2718 mentem
877 2680 965 2735 quae-
1003 2708 1004 2723 t
