2050 3100
167 199 213 250 tet
279 204 379 247 euin.
400 197 477 246 ton.
498 200 662 257 Quausr.
682 199 733 244 ur
753 198 831 243 son.
848 188 890 263 [11,
903 190 965 265 sie]

163 304 258 358 relicta
267 311 344 373 parte
354 318 454 364 vaona,
475 301 505 353 in
516 316 600 371 quam
609 300 711 371 irrepat
721 308 875 371 peceatum.
908 301 968 356 Ve—

163 395 224 432 rum
238 378 341 448 optime
356 393 386 430 se
400 376 484 430 hebet
496 375 568 429 illud
583 374 814 437 additamentum,
838 375 966 446 accipere

164 470 199 506 ex
216 451 346 506 omnibus
368 451 448 504 honis
466 467 565 516 seeum,⁸
594 450 725 520 quoniam
745 450 824 503 multi
845 450 966 504 eliorum

164 534 299 597 usurpant
313 525 384 579 bona
396 535 537 595 tamqnam
550 524 668 578 alienam
681 525 898 595 possessionem,
920 526 968 579 ni-

165 601 205 656 hil
219 601 276 672 ipsi
290 600 505 654 emolumentum
520 598 683 661 relerentes,
703 600 776 651 siout
785 598 927 668 sophistae
939 608 967 653 et

166 676 250 729 verbe
259 683 409 745 captantes.
449 674 595 744 Siquidem
608 673 800 744 philosophiae
813 673 890 745 leges
899 675 967 744 pul-

166 750 316 804 cherrimas
333 748 488 821 dignasque
504 748 597 803 studio
611 756 638 801 et
652 749 754 801 virtute
768 747 857 801 edocti
872 749 969 803 nulla-

165 834 246 879 tenus
261 823 388 879 meliores
403 832 562 887 evaserunt,
584 822 633 877 sed
646 831 772 894 regentes
782 824 969 895 eooorrigen-

166 908 207 953 tes
223 906 391 952 coeterorum
405 899 491 953 vitam
506 900 567 952 sine
581 914 647 951 cura
661 898 824 968 medelaque
838 900 969 969 proprios

167 974 273 1027 animos
283 972 468 1043 dereliquere,
490 990 523 1027 eo
538 972 612 1044 quod
627 989 722 1026 seeum
735 980 817 1043 atque
830 973 859 1025 in
869 988 901 1025 se
911 990 969 1027 non

167 1047 306 1102 habehant
315 1046 518 1118 philosophiam
534 1057 565 1101 ut
579 1048 681 1101 bonum
691 1048 843 1119 genuinum
855 1064 887 1101 eo
898 1047 970 1101 inti-

167 1140 258 1186 mum,
279 1123 330 1177 sed
343 1139 427 1193 super
442 1123 547 1177 labium
562 1131 588 1176 et
600 1120 746 1192 superficie
756 1130 846 1175 tenus.
886 1120 970 1187 Quod

167 1215 235 1252 sane
248 1198 341 1253 simile
355 1198 420 1260 erit,
446 1214 478 1251 ae
494 1198 519 1251 si
534 1197 634 1251 mulier
647 1196 778 1251 detonnis
792 1212 916 1268 purpura
932 1199 972 1251 sit

169 1274 265 1327 induta
279 1275 412 1344 pretiosa,
438 1273 501 1327 talis
516 1272 590 1326 enim
605 1272 690 1327 vestis
705 1270 736 1325 fit
752 1288 806 1325 non
820 1288 972 1325 ornamen-

168 1357 228 1403 tu'm
243 1348 370 1411 habenti,
394 1346 443 1401 sed
460 1345 651 1416 reprehensio,
677 1345 834 1401 evidentius
851 1345 972 1401 demon-

169 1432 259 1476 strans
269 1424 360 1492 ipsius
369 1421 580 1491 turpitudinem.

211 1575 276 1632 (laed
291 1577 323 1625 eit
339 1575 528 1638 Mesopotamia,
552 1591 601 1638 quo
614 1577 707 1641 perpit,
730 1587 753 1643 et
771 1577 829 1640 quid
845 1577 933 1628 civitas

471 1641 589 1692 Naollor?
605 1645 666 1709 (ib.)

227 1748 270 1799 93.
295 1743 339 1798 Ad
355 1742 474 1798 litteram
490 1746 685 1817 Mesopotamia
703 1755 748 1800 est
760 1747 836 1819 regio
850 1747 972 1819 Babylo-

171 1821 232 1872 niae
247 1818 338 1873 media
352 1819 423 1872 inter
437 1818 491 1873 duo
505 1817 620 1874 flumina
634 1820 802 1892 Euphratem
814 1829 840 1874 et
851 1821 969 1894 Tigrim,
1019 1849 1020 1852 ¹

171 1893 245 1948 unde
260 1901 286 1946 et
301 1900 406 1948 eertum
420 1912 518 1948 nomen
533 1897 628 1951 sortite
640 1904 694 1964 est;
721 1903 747 1950 et
761 1895 868 1950 Naohor
882 1905 969 1967 patet,

171 1967 245 2040 quod
263 1967 341 2022 illius
361 1970 481 2024 civitatis
503 1971 532 2024 in
552 1970 691 2043 Babylone
713 1968 749 2046 [³¹⁶]
770 1971 849 2042 prius
868 1988 971 2026 nomen
1019 2003 1020 2010 κ

171 2051 240 2105 erat,
260 2043 334 2113 quod
345 2045 434 2115 potuit
443 2062 531 2109 nuno,
551 2046 623 2100 siout
637 2055 662 2100 et
671 2046 757 2100 multa
767 2046 834 2109 alia,
850 2045 879 2099 in
893 2046 971 2101 aliud

171 2118 242 2172 verti
248 2135 357 2173 nomen.
368 2118 411 2173 Ad
417 2129 535 2174 mentem
541 2121 682 2176 veroillud
688 2129 792 2192 oportet
797 2121 903 2174 dicere:
913 2121 972 2176 No-

173 2195 233 2247 ehor
243 2194 436 2265 interpretatur
449 2195 536 2249 lucis
546 2196 658 2266 quies:
684 2196 734 2251 lux
747 2204 838 2250 autem
852 2203 894 2250 est
904 2213 973 2250 ocu-

172 2267 193 2320 li
204 2269 326 2338 eorporis
336 2270 380 2324 vel
390 2269 487 2323 solaris
498 2270 543 2325 vel
554 2271 658 2325 lunaris
674 2271 718 2326 vel
734 2272 765 2325 in
775 2267 885 2325 llamma
896 2270 972 2342 ignis

172 2341 365 2412 resplendens,
387 2345 494 2399 animae
508 2362 573 2400 vero
589 2346 638 2400 lux
655 2345 791 2417 sapientie
809 2353 860 2399 est.
900 2345 973 2400 Huio

172 2433 237 2488 ergo
247 2418 389 2488 quiescere
400 2437 431 2473 ae
441 2419 794 2493 cessereminimeexpedit,
807 2429 837 2475 ut
847 2419 972 2490 quietem

173 2491 285 2556 habeat,
297 2493 346 2559 sed
357 2502 446 2548 motus
456 2503 497 2550 est
506 2494 584 2549 utilis
595 2497 699 2558 tam-ei,
712 2496 761 2566 qui
771 2496 865 2566 ipsum
876 2493 970 2557 habet,

171 2582 255 2636 quam
270 2569 403 2639 proximis
418 2569 488 2622 eius.
532 2571 656 2640 Namque
674 2569 704 2623 fit
720 2577 775 2624 tote
790 2568 896 2623 familia
911 2569 973 2621 eius

125 2710 127 2713 Ι
173 2639 244 2694 bona
259 2659 308 2712 per
322 2643 485 2714 sapientiam
499 2651 571 2697 mota
586 2644 620 2697 ad
635 2644 691 2697 sibi
702 2643 840 2706 decentia,
863 2641 973 2697 claudi-

174 2730 239 2768 cans
254 2733 319 2771 vero
332 2726 358 2771 et
373 2717 545 2788 imperfecta,
567 2718 591 2769 si
604 2726 679 2770 motu
693 2717 866 2771 destituatur.
906 2717 972 2771 ldeo
