2050 3100
74 196 191 263 [u,rss.]
255 202 640 247 rucnunsru.suauo
658 202 702 247 m.
845 195 879 250 27

74 304 216 359 nitoribus
225 304 301 357 suis:
322 300 550 357 inleusnsantem
559 302 880 358 malevolusodiohabet

74 390 99 433 et
109 386 260 434 aversatur
274 375 440 449 effugitque,
462 376 630 433 delectantes
638 394 778 432 sermones
786 378 879 449 potius

76 470 159 524 quam
170 452 288 507 utilitati
299 450 423 506 inventes
432 451 590 523 praeferens
599 461 631 507 ut
642 452 781 507 meliores.

106 609 178 667 Quid
195 618 231 658 est
248 607 367 670 ,‚Iaacnt't
383 624 434 657 eam
451 608 550 672 aaaron
569 607 659 657 domini
676 610 851 673 superstantem

191 690 273 739 cquae
289 676 314 724 ia
329 674 434 737 decerto,
453 675 478 724 iu
494 676 536 724 oia
553 674 642 724 Sur“t
664 680 718 739 (lt,
734 676 770 735 7.)

132 778 180 832 2¹1.
201 777 280 831 Dicta
290 776 382 831 omnia
392 778 473 849 quasi
484 776 606 850 symbola
618 784 691 842 sunt,
704 777 807 849 quibus
818 793 882 831 eru-

80 852 168 906 ditam
189 852 313 905 animam
332 850 444 924 figurat,
467 868 537 925 quae
550 853 689 923 possessio
704 861 745 907 est
759 852 879 914 virtutis,

9 944 10 951 ¹
80 926 201 980 necdum
217 932 310 979 tamen
325 942 436 980 cernere
446 934 535 998 potest
544 927 781 1001 pulchritudinem
792 926 882 981 domi-

8 1034 9 1037 =
80 1018 130 1055 nae
141 1016 222 1055 suae.
268 998 398 1073 Symbola
419 1000 532 1071 inquam
552 1010 629 1057 sunt:
668 1008 798 1057 inventam
819 1018 880 1062 esse,

8 1094 9 1121 ³
81 1084 106 1129 et
118 1080 154 1131 ab
165 1078 276 1143 amyoto,
300 1091 377 1143 super
388 1081 495 1145 sonum,
519 1081 548 1131 ic
560 1082 671 1139 deamo,
695 1082 723 1130 ta
735 1083 778 1130 cto
792 1083 882 1131 autem

8 1172 9 1177 ¹
82 1148 227 1212 nonalia,
254 1148 305 1203 sed
324 1146 386 1205 Sur.
424 1150 617 1223 Incipiendum
637 1158 727 1204 tamen
748 1166 764 1203 a
782 1152 881 1221 primo.

81 1222 219 1291 Quoniam
236 1222 320 1276 nimis
336 1221 420 1277 fallax
432 1224 558 1295 sophista
572 1231 599 1277 et
613 1223 798 1277 altercationis
809 1239 884 1276 ama·

81 1306 121 1352 tor
135 1296 197 1353 lere
213 1300 327 1351 inventri
340 1298 435 1369 nequit
450 1298 485 1354 ob
497 1297 613 1353 artificia
623 1314 673 1351 sua
684 1305 710 1351 et
720 1295 883 1367 sophisticas

83 1370 293 1442 persuasiones,
316 1371 419 1443 quibus
433 1373 578 1428 consuevit
593 1370 688 1444 fallere
701 1389 733 1426 ac
743 1370 881 1442 decipere.

82 1444 134 1513 Qui
145 1462 214 1500 vero
225 1444 331 1516 absque
341 1446 421 1501 malis
434 1447 558 1503 moribus
568 1445 717 1502 aemulator
725 1456 831 1502 tantum
842 1454 884 1501 est

84 1520 251 1576 eruditionis
276 1519 471 1592 adipiscendae
494 1539 544 1596 per
567 1522 681 1578 chorum
704 1523 884 1597 encyclopae·

83 1596 160 1660 dias,
177 1594 443 1668 quamvis'difficilis
454 1598 569 1653 inventu
579 1600 628 1663 sit,
646 1598 694 1653 sed
704 1616 758 1665 non
768 1615 881 1670 prorsus

85 1687 137 1724 non
157 1668 334 1724 invenibilis.
378 1670 422 1725 llli
442 1673 530 1738 enim,
557 1673 606 1744 qni
625 1673 743 1728 inveniri
757 1691 812 1728 non
831 1690 883 1747 po-

85 1753 150 1808 test,
168 1755 283 1816 cognatu
295 1745 477 1818 estperditio;
504 1747 622 1811 elveno,
644 1748 693 1820 qui
702 1748 823 1801 inveniri
834 1763 884 1818 po-
957 1787 961 1797 ,

86 1826 153 1880 test,
170 1819 258 1884 salus,
280 1819 401 1874 maxime
411 1835 497 1892 quum
508 1829 654 1892 quaeratur
664 1830 690 1877 et
701 1821 882 1886 inveniatura

87 1891 220 1946 sanctiore
242 1892 411 1965 melioreque
428 1895 539 1968 spiritu.
577 1895 646 1962 Quis
661 1905 752 1951 autem
766 1897 884 1950 sanctior

87 1975 113 2020 et
126 1966 224 2022 melior
239 1971 330 2038 capelo
344 1969 461 2024 domici?
483 1969 551 2026 huic
564 1971 639 2024 enim
653 1972 830 2025 commissum
843 1978 885 2024 est

87 2058 218 2114 quaerero
229 2043 349 2097 animam
363 2051 496 2099 errantem
512 2053 539 2100 et
553 2045 588 2099 ob
622 2055 805 2118 raesumptam
821 2062 884 2099 eru-

87 2115 221 2171 ditionem
234 2119 403 2173 nescientem
418 2127 585 2184 constanter,
598 2062 635 2195 li]
647 2137 731 2191 quam
743 2119 884 2191 oportebat

88 2191 226 2245 venerari:
264 2200 371 2266 poterat
392 2199 483 2248 tamen
503 2194 538 2249 ad
557 2196 752 2250 correctionem
778 2197 881 2256 venire,

87 2273 229 2336 propterea
240 2267 323 2320 etiam
334 2269 458 2338 quaesita
469 2276 520 2324 est.
552 2271 609 2324 Nec
618 2269 778 2341 imperfecta
788 2269 884 2343 (quae-

90 2339 147 2411 stin)
154 2349 294 2412 comperta
302 2349 352 2405 est,
365 2341 415 2396 sed
423 2353 550 2414 prompta
560 2361 625 2415 prae
635 2346 777 2401 manibus:
794 2361 884 2415 quon-

91 2413 142 2467 iam
152 2414 266 2468 inventa
277 2424 318 2470 est
329 2416 432 2481 anima,
445 2434 516 2489 quae
526 2417 656 2491 effugerat
665 2418 816 2490 perlectam
825 2417 885 2469 vir-

91 2493 186 2552 tutem,
210 2505 264 2544 non
275 2497 371 2559 potens
382 2490 525 2547 admittere
534 2491 721 2565 disciplinam.
761 2492 884 2548 Tertium

93 2570 176 2615 autem
194 2562 352 2634 symbolum
365 2574 427 2638 post
440 2567 640 2632 inventionem,
661 2583 777 2636 eamque
788 2563 822 2619 ab
836 2581 884 2617 an-

93 2634 163 2706 gelo,
186 2635 240 2689 luit
254 2638 374 2693 inveniri
388 2657 465 2710 super
482 2647 590 2712 (mem,
610 2650 736 2696 naturam
754 2641 882 2706 inquam:

94 2707 157 2762 haec
172 2709 246 2762 enim
261 2713 373 2780 praebet
386 2713 501 2770 eruditis
516 2716 660 2787 ingenium
676 2715 754 2765 iuxta
764 2709 885 2778 diligen·
915 2714 917 2718 “
