<?xml version="1.0" encoding="UTF-8"?>
<!DOCTYPE html PUBLIC "-//W3C//DTD XHTML 1.0 Transitional//EN"
    "http://www.w3.org/TR/xhtml1/DTD/xhtml1-transitional.dtd">
<html xmlns="http://www.w3.org/1999/xhtml" xml:lang="en" lang="en">
 <head>
  <title>
</title>
<meta http-equiv="Content-Type" content="text/html;charset=utf-8" />
  <meta name='ocr-system' content='tesseract 3.04.00' />
  <meta name='ocr-capabilities' content='ocr_page ocr_carea ocr_par ocr_line ocrx_word'/>
</head>
<body>
  <div class='ocr_page' id='page_1' title='image "./operaomniaadlib02philgoog/operaomniaadlib02philgoog_0625.png"; bbox 0 0 2050 3100; ppageno 0'>
   <div class='ocr_carea' id='block_1_1' title="bbox 177 145 987 212">
    <p class='ocr_par' dir='ltr' id='par_1_1' title="bbox 177 145 987 212">
     <span class='ocr_line' id='line_1_1' title="bbox 177 145 987 212; baseline -0.004 -13"><span class='ocrx_word' id='word_1_1' title='bbox 177 145 224 199; x_wconf 79' lang='lat' dir='ltr'><strong>tta</strong></span> <span class='ocrx_word' id='word_1_2' title='bbox 397 145 583 194; x_wconf 82' lang='lat' dir='ltr'><strong>rnrnours</strong></span> <span class='ocrx_word' id='word_1_3' title='bbox 604 146 743 193; x_wconf 79' lang='lat' dir='ltr'><strong>mnam</strong></span> <span class='ocrx_word' id='word_1_4' title='bbox 884 145 987 212; x_wconf 58' lang='lat' dir='ltr'><strong>stru]</strong></span> 
     </span>
    </p>
   </div>
   <div class='ocr_carea' id='block_1_2' title="bbox 173 245 985 696">
    <p class='ocr_par' dir='ltr' id='par_1_2' title="bbox 173 245 985 696">
     <span class='ocr_line' id='line_1_2' title="bbox 174 245 985 322; baseline -0.001 -16"><span class='ocrx_word' id='word_1_5' title='bbox 174 249 216 306; x_wconf 75' lang='lat' dir='ltr'><strong>An</strong></span> <span class='ocrx_word' id='word_1_6' title='bbox 230 249 259 304; x_wconf 91' lang='lat' dir='ltr'><strong>id</strong></span> <span class='ocrx_word' id='word_1_7' title='bbox 273 264 323 322; x_wconf 89' lang='lat' dir='ltr'><strong>per</strong></span> <span class='ocrx_word' id='word_1_8' title='bbox 339 245 462 304; x_wconf 83' lang='lat' dir='ltr'><strong>studium</strong></span> <span class='ocrx_word' id='word_1_9' title='bbox 481 245 637 302; x_wconf 68' lang='lat' dir='ltr'><strong>doctrinae?</strong></span> <span class='ocrx_word' id='word_1_10' title='bbox 657 246 788 315; x_wconf 83' lang='lat' dir='ltr'><strong>liinime;</strong></span> <span class='ocrx_word' id='word_1_11' title='bbox 810 249 871 304; x_wconf 81' lang='lat' dir='ltr'><strong>aed</strong></span> <span class='ocrx_word' id='word_1_12' title='bbox 889 259 985 322; x_wconf 84' lang='lat' dir='ltr'><strong>suapte</strong></span> 
     </span>
     <span class='ocr_line' id='line_1_3' title="bbox 175 322 984 396; baseline -0.002 -16"><span class='ocrx_word' id='word_1_13' title='bbox 175 333 271 380; x_wconf 87' lang='lat' dir='ltr'><strong>natura</strong></span> <span class='ocrx_word' id='word_1_14' title='bbox 285 323 395 396; x_wconf 75' lang='lat' dir='ltr'><strong>singula</strong></span> <span class='ocrx_word' id='word_1_15' title='bbox 412 330 560 377; x_wconf 87' lang='lat' dir='ltr'><strong>memorata</strong></span> <span class='ocrx_word' id='word_1_16' title='bbox 574 323 641 377; x_wconf 85' lang='lat' dir='ltr'><strong>haec</strong></span> <span class='ocrx_word' id='word_1_17' title='bbox 660 328 755 394; x_wconf 80' lang='lat' dir='ltr'><strong>agunt.</strong></span> <span class='ocrx_word' id='word_1_18' title='bbox 798 322 951 380; x_wconf 76' lang='lat' dir='ltr'>Similiter</span> <span class='ocrx_word' id='word_1_19' title='bbox 961 334 984 379; x_wconf 85' lang='lat' dir='ltr'><strong>et</strong></span> 
     </span>
     <span class='ocr_line' id='line_1_4' title="bbox 175 396 981 472; baseline -0.007 -17"><span class='ocrx_word' id='word_1_20' title='bbox 175 415 241 472; x_wconf 80' lang='lat' dir='ltr'><strong>apes</strong></span> <span class='ocrx_word' id='word_1_21' title='bbox 258 399 319 454; x_wconf 86' lang='lat' dir='ltr'><strong>sine</strong></span> <span class='ocrx_word' id='word_1_22' title='bbox 337 397 460 453; x_wconf 89' lang='lat' dir='ltr'><strong>doctrina</strong></span> <span class='ocrx_word' id='word_1_23' title='bbox 478 397 639 452; x_wconf 83' lang='lat' dir='ltr'><strong>naturaliter</strong></span> <span class='ocrx_word' id='word_1_24' title='bbox 654 396 750 451; x_wconf 74' lang='lat' dir='ltr'><strong>iarum</strong></span> <span class='ocrx_word' id='word_1_25' title='bbox 768 409 938 472; x_wconf 77' lang='lat' dir='ltr'><strong>peragunt,</strong></span> <span class='ocrx_word' id='word_1_26' title='bbox 960 411 981 453; x_wconf 78' lang='lat' dir='ltr'><strong>et</strong></span> 
     </span>
     <span class='ocr_line' id='line_1_5' title="bbox 175 471 980 544; baseline 0.001 -14"><span class='ocrx_word' id='word_1_27' title='bbox 175 491 288 530; x_wconf 75' lang='lat' dir='ltr'><strong>araneae</strong></span> <span class='ocrx_word' id='word_1_28' title='bbox 303 474 383 544; x_wconf 82' lang='lat' dir='ltr'><strong>quasi</strong></span> <span class='ocrx_word' id='word_1_29' title='bbox 392 489 441 543; x_wconf 89' lang='lat' dir='ltr'><strong>per</strong></span> <span class='ocrx_word' id='word_1_30' title='bbox 451 487 481 526; x_wconf 84' lang='lat' dir='ltr'><strong>se</strong></span> <span class='ocrx_word' id='word_1_31' title='bbox 492 471 603 526; x_wconf 88' lang='lat' dir='ltr'><strong>edoctae</strong></span> <span class='ocrx_word' id='word_1_32' title='bbox 614 471 744 526; x_wconf 84' lang='lat' dir='ltr'><strong>subtilem</strong></span> <span class='ocrx_word' id='word_1_33' title='bbox 760 471 850 527; x_wconf 86' lang='lat' dir='ltr'><strong>illam</strong></span> <span class='ocrx_word' id='word_1_34' title='bbox 861 475 980 530; x_wconf 71' lang='lat' dir='ltr'><strong>elabora</strong></span> 
     </span>
     <span class='ocr_line' id='line_1_6' title="bbox 174 545 979 617; baseline -0.001 -12"><span class='ocrx_word' id='word_1_35' title='bbox 174 552 276 606; x_wconf 88' lang='lat' dir='ltr'><strong>tionem</strong></span> <span class='ocrx_word' id='word_1_36' title='bbox 294 555 429 602; x_wconf 74' lang='lat' dir='ltr'><strong>textorum</strong></span> <span class='ocrx_word' id='word_1_37' title='bbox 447 546 609 601; x_wconf 87' lang='lat' dir='ltr'><strong>moliuntur.</strong></span> <span class='ocrx_word' id='word_1_38' title='bbox 648 545 680 601; x_wconf 92' lang='lat' dir='ltr'><strong>Si</strong></span> <span class='ocrx_word' id='word_1_39' title='bbox 696 546 763 617; x_wconf 79' lang='lat' dir='ltr'><strong>quis</strong></span> <span class='ocrx_word' id='word_1_40' title='bbox 785 556 893 604; x_wconf 87' lang='lat' dir='ltr'><strong>autem</strong></span> <span class='ocrx_word' id='word_1_41' title='bbox 910 550 979 604; x_wconf 82' lang='lat' dir='ltr'><strong>aliter</strong></span> 
     </span>
     <span class='ocr_line' id='line_1_7' title="bbox 173 619 977 696; baseline 0 -19"><span class='ocrx_word' id='word_1_42' title='bbox 173 632 264 696; x_wconf 84' lang='lat' dir='ltr'><strong>putat,</strong></span> <span class='ocrx_word' id='word_1_43' title='bbox 277 621 355 676; x_wconf 90' lang='lat' dir='ltr'><strong>adeat</strong></span> <span class='ocrx_word' id='word_1_44' title='bbox 364 619 488 684; x_wconf 78' lang='lat' dir='ltr'><strong>arbores,</strong></span> <span class='ocrx_word' id='word_1_45' title='bbox 501 629 529 675; x_wconf 91' lang='lat' dir='ltr'><strong>et</strong></span> <span class='ocrx_word' id='word_1_46' title='bbox 537 621 707 692; x_wconf 81' lang='lat' dir='ltr'><strong>perspiciens</strong></span> <span class='ocrx_word' id='word_1_47' title='bbox 717 620 834 677; x_wconf 83' lang='lat' dir='ltr'><strong>videbit</strong></span> <span class='ocrx_word' id='word_1_48' title='bbox 846 627 977 695; x_wconf 81' lang='lat' dir='ltr'><strong>cuiusque</strong></span> 
     </span>
    </p>
   </div>
   <div class='ocr_carea' id='block_1_3' title="bbox 174 693 977 844">
    <p class='ocr_par' dir='ltr' id='par_1_3' title="bbox 174 693 977 844">
     <span class='ocr_line' id='line_1_8' title="bbox 174 693 977 771; baseline 0.005 -19"><span class='ocrx_word' id='word_1_49' title='bbox 174 697 250 752; x_wconf 91' lang='lat' dir='ltr'><strong>dotes</strong></span> <span class='ocrx_word' id='word_1_50' title='bbox 261 695 440 762; x_wconf 56' lang='lat' dir='ltr'><strong>clarissimam</strong></span> <span class='ocrx_word' id='word_1_51' title='bbox 460 698 529 766; x_wconf 89' lang='lat' dir='ltr'><strong>qnia</strong></span> <span class='ocrx_word' id='word_1_52' title='bbox 537 705 563 751; x_wconf 92' lang='lat' dir='ltr'><strong>et</strong></span> <span class='ocrx_word' id='word_1_53' title='bbox 573 696 604 750; x_wconf 91' lang='lat' dir='ltr'><strong>in</strong></span> <span class='ocrx_word' id='word_1_54' title='bbox 615 693 652 771; x_wconf 68' lang='lat'><strong>[¹⁶]</strong></span> <span class='ocrx_word' id='word_1_55' title='bbox 664 697 725 751; x_wconf 86' lang='lat' dir='ltr'><strong>istis</strong></span> <span class='ocrx_word' id='word_1_56' title='bbox 734 695 829 752; x_wconf 86' lang='lat' dir='ltr'><strong>multa</strong></span> <span class='ocrx_word' id='word_1_57' title='bbox 841 700 977 756; x_wconf 72' lang='lat' dir='ltr'><strong>suntabs</strong></span> 
     </span>
     <span class='ocr_line' id='line_1_9' title="bbox 174 768 462 844; baseline -0.01 -19"><span class='ocrx_word' id='word_1_58' title='bbox 174 787 227 844; x_wconf 90' lang='lat' dir='ltr'><strong>que</strong></span> <span class='ocrx_word' id='word_1_59' title='bbox 238 778 294 826; x_wconf 89' lang='lat' dir='ltr'><strong>arte</strong></span> <span class='ocrx_word' id='word_1_60' title='bbox 304 768 462 824; x_wconf 87' lang='lat' dir='ltr'><strong>artificiosa.</strong></span> 
     </span>
    </p>
   </div>
   <div class='ocr_carea' id='block_1_4' title="bbox 171 892 978 2164">
    <p class='ocr_par' dir='ltr' id='par_1_4' title="bbox 171 892 978 2164">
     <span class='ocr_line' id='line_1_10' title="bbox 228 892 976 958; baseline 0.004 -10"><span class='ocrx_word' id='word_1_61' title='bbox 228 896 272 948; x_wconf 80' lang='lat'><strong>79.</strong></span> <span class='ocrx_word' id='word_1_62' title='bbox 292 893 384 950; x_wconf 84' lang='lat' dir='ltr'><strong>Vitem</strong></span> <span class='ocrx_word' id='word_1_63' title='bbox 397 911 452 950; x_wconf 90' lang='lat' dir='ltr'><strong>non</strong></span> <span class='ocrx_word' id='word_1_64' title='bbox 466 894 557 958; x_wconf 85' lang='lat' dir='ltr'><strong>vides,</strong></span> <span class='ocrx_word' id='word_1_65' title='bbox 578 893 684 949; x_wconf 85' lang='lat' dir='ltr'><strong>durnin</strong></span> <span class='ocrx_word' id='word_1_66' title='bbox 694 892 798 949; x_wconf 88' lang='lat' dir='ltr'><strong>diebus</strong></span> <span class='ocrx_word' id='word_1_67' title='bbox 813 897 976 954; x_wconf 86' lang='lat' dir='ltr'><strong>vernalibus</strong></span> 
     </span>
     <span class='ocr_line' id='line_1_11' title="bbox 174 967 974 1044; baseline 0.003 -20"><span class='ocrx_word' id='word_1_68' title='bbox 174 983 287 1042; x_wconf 78' lang='lat' dir='ltr'><strong>germen</strong></span> <span class='ocrx_word' id='word_1_69' title='bbox 301 969 446 1040; x_wconf 72' lang='lat' dir='ltr'><strong>producit?</strong></span> <span class='ocrx_word' id='word_1_70' title='bbox 468 970 591 1024; x_wconf 86' lang='lat' dir='ltr'><strong>Primum</strong></span> <span class='ocrx_word' id='word_1_71' title='bbox 604 969 679 1023; x_wconf 90' lang='lat' dir='ltr'><strong>enim</strong></span> <span class='ocrx_word' id='word_1_72' title='bbox 694 967 770 1023; x_wconf 79' lang='lat' dir='ltr'><strong>foliis</strong></span> <span class='ocrx_word' id='word_1_73' title='bbox 787 970 869 1026; x_wconf 87' lang='lat' dir='ltr'><strong>illud</strong></span> <span class='ocrx_word' id='word_1_74' title='bbox 884 973 974 1044; x_wconf 85' lang='lat' dir='ltr'><strong>operit,</strong></span> 
     </span>
     <span class='ocr_line' id='line_1_12' title="bbox 174 1041 976 1118; baseline -0.004 -18"><span class='ocrx_word' id='word_1_75' title='bbox 174 1044 276 1100; x_wconf 89' lang='lat' dir='ltr'><strong>deinde</strong></span> <span class='ocrx_word' id='word_1_76' title='bbox 285 1059 359 1100; x_wconf 87' lang='lat' dir='ltr'><strong>more</strong></span> <span class='ocrx_word' id='word_1_77' title='bbox 373 1045 467 1098; x_wconf 83' lang='lat' dir='ltr'><strong>matris</strong></span> <span class='ocrx_word' id='word_1_78' title='bbox 476 1045 610 1116; x_wconf 87' lang='lat' dir='ltr'><strong>paulatim</strong></span> <span class='ocrx_word' id='word_1_79' title='bbox 619 1044 704 1098; x_wconf 87' lang='lat' dir='ltr'><strong>nutrit</strong></span> <span class='ocrx_word' id='word_1_80' title='bbox 714 1052 741 1098; x_wconf 91' lang='lat' dir='ltr'><strong>et</strong></span> <span class='ocrx_word' id='word_1_81' title='bbox 750 1041 783 1098; x_wconf 92' lang='lat' dir='ltr'><strong>id</strong></span> <span class='ocrx_word' id='word_1_82' title='bbox 794 1057 976 1118; x_wconf 79' lang='lat' dir='ltr'><strong>augmentum</strong></span> 
     </span>
     <span class='ocr_line' id='line_1_13' title="bbox 174 1118 974 1190; baseline 0 -16"><span class='ocrx_word' id='word_1_83' title='bbox 174 1119 264 1188; x_wconf 81' lang='lat' dir='ltr'><strong>ducit3</strong></span> <span class='ocrx_word' id='word_1_84' title='bbox 290 1118 463 1190; x_wconf 85' lang='lat' dir='ltr'><strong>postmodum</strong></span> <span class='ocrx_word' id='word_1_85' title='bbox 478 1128 617 1175; x_wconf 85' lang='lat' dir='ltr'><strong>remutans</strong></span> <span class='ocrx_word' id='word_1_86' title='bbox 632 1135 668 1174; x_wconf 85' lang='lat' dir='ltr'><strong>ex</strong></span> <span class='ocrx_word' id='word_1_87' title='bbox 681 1118 759 1173; x_wconf 87' lang='lat' dir='ltr'><strong>acido</strong></span> <span class='ocrx_word' id='word_1_88' title='bbox 775 1136 870 1177; x_wconf 89' lang='lat' dir='ltr'><strong>uvam</strong></span> <span class='ocrx_word' id='word_1_89' title='bbox 885 1121 974 1184; x_wconf 81' lang='lat' dir='ltr'><strong>efficit.</strong></span> 
     </span>
     <span class='ocr_line' id='line_1_14' title="bbox 174 1192 977 1251; baseline -0.001 -1"><span class='ocrx_word' id='word_1_90' title='bbox 174 1195 261 1251; x_wconf 88' lang='lat' dir='ltr'><strong>donec</strong></span> <span class='ocrx_word' id='word_1_91' title='bbox 275 1196 386 1250; x_wconf 89' lang='lat' dir='ltr'><strong>omnino</strong></span> <span class='ocrx_word' id='word_1_92' title='bbox 401 1197 517 1249; x_wconf 89' lang='lat' dir='ltr'><strong>maturet</strong></span> <span class='ocrx_word' id='word_1_93' title='bbox 532 1193 662 1249; x_wconf 86' lang='lat' dir='ltr'><strong>fructum.</strong></span> <span class='ocrx_word' id='word_1_94' title='bbox 705 1192 739 1248; x_wconf 78' lang='lat' dir='ltr'><strong>At</strong></span> <span class='ocrx_word' id='word_1_95' title='bbox 756 1193 977 1251; x_wconf 86' lang='lat' dir='ltr'><strong>instructanein</strong></span> 
     </span>
     <span class='ocr_line' id='line_1_15' title="bbox 174 1267 976 1338; baseline 0 -14"><span class='ocrx_word' id='word_1_96' title='bbox 174 1269 219 1324; x_wconf 91' lang='lat' dir='ltr'><strong>bis</strong></span> <span class='ocrx_word' id='word_1_97' title='bbox 230 1269 296 1333; x_wconf 84' lang='lat' dir='ltr'><strong>tuit,</strong></span> <span class='ocrx_word' id='word_1_98' title='bbox 308 1285 373 1324; x_wconf 88' lang='lat' dir='ltr'><strong>cura</strong></span> <span class='ocrx_word' id='word_1_99' title='bbox 383 1267 525 1324; x_wconf 82' lang='lat' dir='ltr'><strong>adbibita?</strong></span> <span class='ocrx_word' id='word_1_100' title='bbox 544 1268 622 1324; x_wconf 84' lang='lat' dir='ltr'><strong>Certe</strong></span> <span class='ocrx_word' id='word_1_101' title='bbox 633 1269 743 1323; x_wconf 90' lang='lat' dir='ltr'><strong>omnino</strong></span> <span class='ocrx_word' id='word_1_102' title='bbox 753 1284 805 1338; x_wconf 91' lang='lat' dir='ltr'><strong>per</strong></span> <span class='ocrx_word' id='word_1_103' title='bbox 814 1271 976 1326; x_wconf 86' lang='lat' dir='ltr'><strong>mirabilem</strong></span> 
     </span>
     <span class='ocr_line' id='line_1_16' title="bbox 174 1341 976 1418; baseline 0.001 -18"><span class='ocrx_word' id='word_1_104' title='bbox 174 1345 305 1418; x_wconf 89' lang='lat' dir='ltr'><strong>operique</strong></span> <span class='ocrx_word' id='word_1_105' title='bbox 319 1344 520 1417; x_wconf 83' lang='lat' dir='ltr'><strong>praesidentem</strong></span> <span class='ocrx_word' id='word_1_106' title='bbox 534 1350 659 1398; x_wconf 90' lang='lat' dir='ltr'><strong>naturam</strong></span> <span class='ocrx_word' id='word_1_107' title='bbox 672 1360 723 1415; x_wconf 88' lang='lat' dir='ltr'><strong>par</strong></span> <span class='ocrx_word' id='word_1_108' title='bbox 740 1341 795 1397; x_wconf 80' lang='lat' dir='ltr'><strong>tuit</strong></span> <span class='ocrx_word' id='word_1_109' title='bbox 812 1361 874 1399; x_wconf 91' lang='lat' dir='ltr'><strong>non</strong></span> <span class='ocrx_word' id='word_1_110' title='bbox 889 1347 976 1401; x_wconf 85' lang='lat' dir='ltr'><strong>solun</strong></span> 
     </span>
     <span class='ocr_line' id='line_1_17' title="bbox 174 1417 976 1482; baseline -0.002 -7"><span class='ocrx_word' id='word_1_111' title='bbox 174 1419 323 1475; x_wconf 87' lang='lat' dir='ltr'><strong>utilissimo</strong></span> <span class='ocrx_word' id='word_1_112' title='bbox 339 1419 439 1474; x_wconf 86' lang='lat' dir='ltr'><strong>fructui</strong></span> <span class='ocrx_word' id='word_1_113' title='bbox 454 1417 579 1482; x_wconf 80' lang='lat' dir='ltr'><strong>ferendo,</strong></span> <span class='ocrx_word' id='word_1_114' title='bbox 602 1433 700 1473; x_wconf 81' lang='lat' dir='ltr'><strong>verum</strong></span> <span class='ocrx_word' id='word_1_115' title='bbox 715 1417 799 1471; x_wconf 89' lang='lat' dir='ltr'><strong>etiam</strong></span> <span class='ocrx_word' id='word_1_116' title='bbox 814 1419 976 1475; x_wconf 88' lang='lat' dir='ltr'><strong>adornando</strong></span> 
     </span>
     <span class='ocr_line' id='line_1_18' title="bbox 174 1491 977 1566; baseline 0.001 -16"><span class='ocrx_word' id='word_1_117' title='bbox 174 1504 271 1551; x_wconf 88' lang='lat' dir='ltr'><strong>trunco</strong></span> <span class='ocrx_word' id='word_1_118' title='bbox 281 1494 391 1559; x_wconf 86' lang='lat' dir='ltr'><strong>decore,</strong></span> <span class='ocrx_word' id='word_1_119' title='bbox 408 1494 529 1550; x_wconf 86' lang='lat' dir='ltr'><strong>extensis</strong></span> <span class='ocrx_word' id='word_1_120' title='bbox 542 1510 591 1566; x_wconf 91' lang='lat' dir='ltr'><strong>per</strong></span> <span class='ocrx_word' id='word_1_121' title='bbox 601 1493 713 1565; x_wconf 80' lang='lat' dir='ltr'><strong>longum</strong></span> <span class='ocrx_word' id='word_1_122' title='bbox 722 1491 911 1564; x_wconf 90' lang='lat' dir='ltr'><strong>palmitibus,</strong></span> <span class='ocrx_word' id='word_1_123' title='bbox 932 1512 977 1551; x_wconf 90' lang='lat' dir='ltr'><strong>vo-</strong></span> 
     </span>
     <span class='ocr_line' id='line_1_19' title="bbox 174 1566 977 1641; baseline 0.002 -18"><span class='ocrx_word' id='word_1_124' title='bbox 174 1568 268 1624; x_wconf 86' lang='lat' dir='ltr'><strong>lutatis</strong></span> <span class='ocrx_word' id='word_1_125' title='bbox 278 1570 426 1641; x_wconf 83' lang='lat' dir='ltr'><strong>capreolis¹</strong></span> <span class='ocrx_word' id='word_1_126' title='bbox 439 1569 559 1625; x_wconf 80' lang='lat' dir='ltr'><strong>dilatatio</strong></span> <span class='ocrx_word' id='word_1_127' title='bbox 569 1568 714 1623; x_wconf 79' lang='lat' dir='ltr'><strong>frondibus</strong></span> <span class='ocrx_word' id='word_1_128' title='bbox 722 1566 929 1641; x_wconf 86' lang='lat' dir='ltr'><strong>viridibusque</strong></span> <span class='ocrx_word' id='word_1_129' title='bbox 940 1570 977 1624; x_wconf 80' lang='lat' dir='ltr'><strong>lo-</strong></span> 
     </span>
     <span class='ocr_line' id='line_1_20' title="bbox 174 1641 977 1715; baseline -0.001 -16"><span class='ocrx_word' id='word_1_130' title='bbox 174 1643 220 1699; x_wconf 87' lang='lat' dir='ltr'><strong>liis</strong></span> <span class='ocrx_word' id='word_1_131' title='bbox 236 1644 388 1715; x_wconf 64' lang='lat' dir='ltr'><strong>elegantem</strong></span> <span class='ocrx_word' id='word_1_132' title='bbox 417 1651 579 1715; x_wconf 77' lang='lat' dir='ltr'><strong>conspectus</strong></span> <span class='ocrx_word' id='word_1_133' title='bbox 597 1650 655 1697; x_wconf 90' lang='lat' dir='ltr'><strong>erat</strong></span> <span class='ocrx_word' id='word_1_134' title='bbox 673 1643 733 1697; x_wconf 85' lang='lat' dir='ltr'><strong>eiua</strong></span> <span class='ocrx_word' id='word_1_135' title='bbox 751 1641 934 1700; x_wconf 85' lang='lat' dir='ltr'><strong>clarissimus</strong></span> <span class='ocrx_word' id='word_1_136' title='bbox 952 1654 977 1700; x_wconf 85' lang='lat' dir='ltr'><strong>et</strong></span> 
     </span>
     <span class='ocr_line' id='line_1_21' title="bbox 173 1716 977 1789; baseline 0.006 -18"><span class='ocrx_word' id='word_1_137' title='bbox 173 1720 280 1787; x_wconf 83' lang='lat' dir='ltr'><strong>species</strong></span> <span class='ocrx_word' id='word_1_138' title='bbox 295 1718 444 1785; x_wconf 85' lang='lat' dir='ltr'><strong>mirabilis;</strong></span> <span class='ocrx_word' id='word_1_139' title='bbox 466 1716 644 1789; x_wconf 77' lang='lat' dir='ltr'><strong>pulchritudo</strong></span> <span class='ocrx_word' id='word_1_140' title='bbox 656 1733 721 1772; x_wconf 87' lang='lat' dir='ltr'><strong>voro</strong></span> <span class='ocrx_word' id='word_1_141' title='bbox 734 1716 827 1787; x_wconf 84' lang='lat' dir='ltr'><strong>ipsius</strong></span> <span class='ocrx_word' id='word_1_142' title='bbox 837 1736 900 1775; x_wconf 91' lang='lat' dir='ltr'><strong>non</strong></span> <span class='ocrx_word' id='word_1_143' title='bbox 910 1737 977 1775; x_wconf 90' lang='lat' dir='ltr'><strong>ocu·</strong></span> 
     </span>
     <span class='ocr_line' id='line_1_22' title="bbox 173 1791 978 1857; baseline 0.004 -10"><span class='ocrx_word' id='word_1_144' title='bbox 173 1791 215 1847; x_wconf 87' lang='lat' dir='ltr'><strong>los</strong></span> <span class='ocrx_word' id='word_1_145' title='bbox 229 1792 315 1857; x_wconf 77' lang='lat' dir='ltr'><strong>solos,</strong></span> <span class='ocrx_word' id='word_1_146' title='bbox 339 1792 389 1847; x_wconf 87' lang='lat' dir='ltr'><strong>sed</strong></span> <span class='ocrx_word' id='word_1_147' title='bbox 404 1794 486 1847; x_wconf 89' lang='lat' dir='ltr'><strong>etiam</strong></span> <span class='ocrx_word' id='word_1_148' title='bbox 500 1807 580 1849; x_wconf 84' lang='lat' dir='ltr'><strong>nares</strong></span> <span class='ocrx_word' id='word_1_149' title='bbox 592 1793 622 1848; x_wconf 88' lang='lat' dir='ltr'><strong>vi</strong></span> <span class='ocrx_word' id='word_1_150' title='bbox 636 1793 778 1848; x_wconf 82' lang='lat' dir='ltr'><strong>attractiva</strong></span> <span class='ocrx_word' id='word_1_151' title='bbox 787 1791 824 1845; x_wconf 85' lang='lat' dir='ltr'><strong>ad</strong></span> <span class='ocrx_word' id='word_1_152' title='bbox 838 1796 978 1850; x_wconf 88' lang='lat' dir='ltr'><strong>setrabe·</strong></span> 
     </span>
     <span class='ocr_line' id='line_1_23' title="bbox 173 1864 976 1939; baseline 0.002 -18"><span class='ocrx_word' id='word_1_153' title='bbox 173 1864 232 1935; x_wconf 87' lang='lat' dir='ltr'><strong>bat;</strong></span> <span class='ocrx_word' id='word_1_154' title='bbox 255 1865 427 1921; x_wconf 85' lang='lat' dir='ltr'><strong>exhalatione</strong></span> <span class='ocrx_word' id='word_1_155' title='bbox 441 1884 506 1923; x_wconf 88' lang='lat' dir='ltr'><strong>varo</strong></span> <span class='ocrx_word' id='word_1_156' title='bbox 517 1868 630 1939; x_wconf 84' lang='lat' dir='ltr'><strong>spiritus</strong></span> <span class='ocrx_word' id='word_1_157' title='bbox 640 1866 877 1924; x_wconf 80' lang='lat' dir='ltr'><strong>circumvicinum</strong></span> <span class='ocrx_word' id='word_1_158' title='bbox 886 1871 976 1925; x_wconf 66' lang='lat' dir='ltr'><strong>aerem</strong></span> 
     </span>
     <span class='ocr_line' id='line_1_24' title="bbox 171 1936 976 2015; baseline 0.004 -19"><span class='ocrx_word' id='word_1_159' title='bbox 171 1936 337 2014; x_wconf 68' lang='lat' dir='ltr'><strong>fragrantem</strong></span> <span class='ocrx_word' id='word_1_160' title='bbox 346 1940 490 1997; x_wconf 87' lang='lat' dir='ltr'><strong>reddebat:</strong></span> <span class='ocrx_word' id='word_1_161' title='bbox 503 1944 576 2010; x_wconf 82' lang='lat' dir='ltr'><strong>lento</strong></span> <span class='ocrx_word' id='word_1_162' title='bbox 586 1943 660 1997; x_wconf 88' lang='lat' dir='ltr'><strong>enim</strong></span> <span class='ocrx_word' id='word_1_163' title='bbox 669 1939 822 1997; x_wconf 83' lang='lat' dir='ltr'><strong>ssanteaura</strong></span> <span class='ocrx_word' id='word_1_164' title='bbox 831 1942 976 2015; x_wconf 83' lang='lat' dir='ltr'><strong>adimple-</strong></span> 
     </span>
     <span class='ocr_line' id='line_1_25' title="bbox 173 2015 975 2089; baseline 0.005 -19"><span class='ocrx_word' id='word_1_165' title='bbox 173 2016 220 2071; x_wconf 89' lang='lat' dir='ltr'><strong>bat</strong></span> <span class='ocrx_word' id='word_1_166' title='bbox 233 2016 321 2088; x_wconf 78' lang='lat' dir='ltr'><strong>spatia</strong></span> <span class='ocrx_word' id='word_1_167' title='bbox 335 2015 417 2072; x_wconf 89' lang='lat' dir='ltr'><strong>odore</strong></span> <span class='ocrx_word' id='word_1_168' title='bbox 430 2018 524 2081; x_wconf 81' lang='lat' dir='ltr'><strong>suavi,</strong></span> <span class='ocrx_word' id='word_1_169' title='bbox 545 2017 742 2089; x_wconf 86' lang='lat' dir='ltr'><strong>odoratumque</strong></span> <span class='ocrx_word' id='word_1_170' title='bbox 755 2024 832 2088; x_wconf 80' lang='lat' dir='ltr'><strong>grata</strong></span> <span class='ocrx_word' id='word_1_171' title='bbox 844 2018 975 2088; x_wconf 85' lang='lat' dir='ltr'><strong>placida-</strong></span> 
     </span>
     <span class='ocr_line' id='line_1_26' title="bbox 173 2091 522 2164; baseline -0.003 -17"><span class='ocrx_word' id='word_1_172' title='bbox 173 2108 228 2163; x_wconf 86' lang='lat' dir='ltr'><strong>que</strong></span> <span class='ocrx_word' id='word_1_173' title='bbox 237 2092 376 2164; x_wconf 85' lang='lat' dir='ltr'><strong>voluptate</strong></span> <span class='ocrx_word' id='word_1_174' title='bbox 384 2091 522 2164; x_wconf 86' lang='lat' dir='ltr'><strong>explebat.</strong></span> 
     </span>
    </p>
   </div>
   <div class='ocr_carea' id='block_1_5' title="bbox 170 2214 976 2734">
    <p class='ocr_par' dir='ltr' id='par_1_5' title="bbox 170 2214 976 2734">
     <span class='ocr_line' id='line_1_27' title="bbox 229 2214 976 2289; baseline -0.003 -16"><span class='ocrx_word' id='word_1_175' title='bbox 229 2220 271 2273; x_wconf 86' lang='lat'><strong>80.</strong></span> <span class='ocrx_word' id='word_1_176' title='bbox 291 2217 373 2275; x_wconf 88' lang='lat' dir='ltr'><strong>Plura</strong></span> <span class='ocrx_word' id='word_1_177' title='bbox 387 2225 414 2272; x_wconf 89' lang='lat' dir='ltr'><strong>et</strong></span> <span class='ocrx_word' id='word_1_178' title='bbox 426 2216 460 2273; x_wconf 89' lang='lat' dir='ltr'><strong>de</strong></span> <span class='ocrx_word' id='word_1_179' title='bbox 470 2218 584 2273; x_wconf 86' lang='lat' dir='ltr'><strong>caeteris</strong></span> <span class='ocrx_word' id='word_1_180' title='bbox 593 2216 695 2289; x_wconf 88' lang='lat' dir='ltr'><strong>plantis</strong></span> <span class='ocrx_word' id='word_1_181' title='bbox 705 2231 790 2287; x_wconf 86' lang='lat' dir='ltr'><strong>quum</strong></span> <span class='ocrx_word' id='word_1_182' title='bbox 801 2214 900 2272; x_wconf 84' lang='lat' dir='ltr'><strong>dicero</strong></span> <span class='ocrx_word' id='word_1_183' title='bbox 908 2234 976 2289; x_wconf 85' lang='lat' dir='ltr'><strong>pos-</strong></span> 
     </span>
     <span class='ocr_line' id='line_1_28' title="bbox 172 2289 975 2357; baseline 0.002 -12"><span class='ocrx_word' id='word_1_184' title='bbox 172 2292 239 2357; x_wconf 87' lang='lat' dir='ltr'><strong>sim,</strong></span> <span class='ocrx_word' id='word_1_185' title='bbox 270 2310 323 2350; x_wconf 89' lang='lat' dir='ltr'><strong>non</strong></span> <span class='ocrx_word' id='word_1_186' title='bbox 342 2310 433 2349; x_wconf 88' lang='lat' dir='ltr'><strong>morae</strong></span> <span class='ocrx_word' id='word_1_187' title='bbox 451 2292 541 2348; x_wconf 88' lang='lat' dir='ltr'><strong>taedio</strong></span> <span class='ocrx_word' id='word_1_188' title='bbox 563 2301 651 2356; x_wconf 84' lang='lat' dir='ltr'><strong>taceo,</strong></span> <span class='ocrx_word' id='word_1_189' title='bbox 681 2289 732 2345; x_wconf 87' lang='lat' dir='ltr'><strong>sed</strong></span> <span class='ocrx_word' id='word_1_190' title='bbox 753 2298 861 2345; x_wconf 88' lang='lat' dir='ltr'><strong>tantum</strong></span> <span class='ocrx_word' id='word_1_191' title='bbox 881 2293 975 2347; x_wconf 88' lang='lat' dir='ltr'><strong>solum</strong></span> 
     </span>
     <span class='ocr_line' id='line_1_29' title="bbox 173 2365 974 2439; baseline 0.002 -18"><span class='ocrx_word' id='word_1_192' title='bbox 173 2366 287 2421; x_wconf 89' lang='lat' dir='ltr'><strong>nimiam</strong></span> <span class='ocrx_word' id='word_1_193' title='bbox 301 2365 492 2423; x_wconf 80' lang='lat' dir='ltr'><strong>verbositatem</strong></span> <span class='ocrx_word' id='word_1_194' title='bbox 510 2368 627 2421; x_wconf 87' lang='lat' dir='ltr'><strong>evitans.</strong></span> <span class='ocrx_word' id='word_1_195' title='bbox 664 2365 773 2421; x_wconf 85' lang='lat' dir='ltr'><strong>Etenim</strong></span> <span class='ocrx_word' id='word_1_196' title='bbox 787 2373 870 2435; x_wconf 88' lang='lat' dir='ltr'><strong>puto,</strong></span> <span class='ocrx_word' id='word_1_197' title='bbox 897 2367 974 2439; x_wconf 88' lang='lat' dir='ltr'><strong>quod</strong></span> 
     </span>
     <span class='ocr_line' id='line_1_30' title="bbox 173 2439 974 2512; baseline 0.006 -21"><span class='ocrx_word' id='word_1_198' title='bbox 173 2439 225 2492; x_wconf 90' lang='lat' dir='ltr'><strong>sub</strong></span> <span class='ocrx_word' id='word_1_199' title='bbox 240 2440 349 2495; x_wconf 85' lang='lat' dir='ltr'><strong>silentio</strong></span> <span class='ocrx_word' id='word_1_200' title='bbox 364 2442 458 2496; x_wconf 89' lang='lat' dir='ltr'><strong>multis</strong></span> <span class='ocrx_word' id='word_1_201' title='bbox 472 2441 576 2496; x_wconf 89' lang='lat' dir='ltr'><strong>relictis</strong></span> <span class='ocrx_word' id='word_1_202' title='bbox 589 2441 673 2495; x_wconf 91' lang='lat' dir='ltr'><strong>unius</strong></span> <span class='ocrx_word' id='word_1_203' title='bbox 684 2440 823 2512; x_wconf 81' lang='lat' dir='ltr'><strong>analogiae</strong></span> <span class='ocrx_word' id='word_1_204' title='bbox 835 2440 922 2495; x_wconf 90' lang='lat' dir='ltr'><strong>modo</strong></span> <span class='ocrx_word' id='word_1_205' title='bbox 933 2450 974 2496; x_wconf 91' lang='lat' dir='ltr'><strong>to·</strong></span> 
     </span>
     <span class='ocr_line' id='line_1_31' title="bbox 171 2513 974 2571; baseline 0.006 -8"><span class='ocrx_word' id='word_1_206' title='bbox 171 2518 229 2564; x_wconf 89' lang='lat' dir='ltr'><strong>tum</strong></span> <span class='ocrx_word' id='word_1_207' title='bbox 249 2513 404 2569; x_wconf 82' lang='lat' dir='ltr'><strong>innotescit.</strong></span> <span class='ocrx_word' id='word_1_208' title='bbox 442 2516 564 2571; x_wconf 89' lang='lat' dir='ltr'><strong>Dicimus</strong></span> <span class='ocrx_word' id='word_1_209' title='bbox 583 2517 658 2569; x_wconf 91' lang='lat' dir='ltr'><strong>enim</strong></span> <span class='ocrx_word' id='word_1_210' title='bbox 677 2523 705 2569; x_wconf 88' lang='lat' dir='ltr'><strong>et</strong></span> <span class='ocrx_word' id='word_1_211' title='bbox 722 2514 757 2568; x_wconf 90' lang='lat' dir='ltr'><strong>de</strong></span> <span class='ocrx_word' id='word_1_212' title='bbox 773 2513 974 2570; x_wconf 88' lang='lat' dir='ltr'><strong>invisibilibus</strong></span> 
     </span>
     <span class='ocr_line' id='line_1_32' title="bbox 170 2586 975 2659; baseline 0.012 -26"><span class='ocrx_word' id='word_1_213' title='bbox 170 2586 288 2649; x_wconf 84' lang='lat' dir='ltr'><strong>naturis,</strong></span> <span class='ocrx_word' id='word_1_214' title='bbox 303 2588 378 2656; x_wconf 90' lang='lat' dir='ltr'><strong>quod</strong></span> <span class='ocrx_word' id='word_1_215' title='bbox 388 2604 473 2659; x_wconf 83' lang='lat' dir='ltr'><strong>quum</strong></span> <span class='ocrx_word' id='word_1_216' title='bbox 483 2588 624 2645; x_wconf 87' lang='lat' dir='ltr'><strong>ordinatae</strong></span> <span class='ocrx_word' id='word_1_217' title='bbox 633 2597 660 2643; x_wconf 88' lang='lat' dir='ltr'><strong>et</strong></span> <span class='ocrx_word' id='word_1_218' title='bbox 670 2588 831 2643; x_wconf 84' lang='lat' dir='ltr'><strong>artificiosae</strong></span> <span class='ocrx_word' id='word_1_219' title='bbox 840 2589 916 2652; x_wconf 85' lang='lat' dir='ltr'><strong>sint,</strong></span> <span class='ocrx_word' id='word_1_220' title='bbox 928 2592 975 2643; x_wconf 91' lang='lat' dir='ltr'><strong>in·</strong></span> 
     </span>
     <span class='ocr_line' id='line_1_33' title="bbox 170 2660 974 2734; baseline 0.014 -26"><span class='ocrx_word' id='word_1_221' title='bbox 170 2660 277 2723; x_wconf 79' lang='lat' dir='ltr'><strong>tegrum</strong></span> <span class='ocrx_word' id='word_1_222' title='bbox 296 2671 406 2716; x_wconf 84' lang='lat' dir='ltr'><strong>servant</strong></span> <span class='ocrx_word' id='word_1_223' title='bbox 425 2680 484 2718; x_wconf 88' lang='lat' dir='ltr'><strong>esse</strong></span> <span class='ocrx_word' id='word_1_224' title='bbox 503 2663 663 2727; x_wconf 82' lang='lat' dir='ltr'><strong>rationales,</strong></span> <span class='ocrx_word' id='word_1_225' title='bbox 689 2664 773 2719; x_wconf 86' lang='lat' dir='ltr'><strong>etiam</strong></span> <span class='ocrx_word' id='word_1_226' title='bbox 791 2663 871 2726; x_wconf 86' lang='lat' dir='ltr'><strong>illae,</strong></span> <span class='ocrx_word' id='word_1_227' title='bbox 897 2679 974 2734; x_wconf 83' lang='lat' dir='ltr'><strong>quae</strong></span> 
     </span>
    </p>
   </div>
   <div class='ocr_carea' id='block_1_6' title="bbox 0 0 1030 3100">
    <p class='ocr_par' dir='ltr' id='par_1_6' title="bbox 0 0 1030 3100">
     <span class='ocr_line' id='line_1_34' title="bbox 0 0 1030 3100; baseline 0 1"><span class='ocrx_word' id='word_1_228' title='bbox 0 0 1030 3100; x_wconf 95' lang='lat' dir='ltr'><strong> </strong></span> 
     </span>
    </p>
   </div>
  </div>
 </body>
</html>
