2050 3100
50 137 168 222 ,lm
192 144 255 189 >nn
278 141 551 193 rnourntrnrrn
569 145 697 193 senno
715 147 747 192 11.
842 139 876 194 59

72 245 165 299 lentes
178 243 349 320 miseri-faeti
359 252 437 309 sunt,
454 260 600 300 aerumnas
610 247 679 301 mihi
690 247 822 315 retulisti3
849 253 876 302 at
935 289 940 300 .

71 318 194 391 egotibi
209 319 277 374 alios
291 320 373 375 etiam
387 318 492 384 dicam,
512 323 563 392 qui
578 321 701 376 volentes
716 323 745 376 in
755 335 877 393 pauper·

71 402 146 458 tate,
175 391 308 452 dedecore
332 394 494 466 ultimisque
518 395 728 451 discriminibus
752 395 874 452 luerunt.

71 468 252 541 Anaxagoras
262 470 368 541 quippe
377 466 518 541 copiosae,
540 479 570 525 ut
585 470 700 536 dicitur,
722 467 877 543 possessio-

71 544 121 598 nis
140 543 219 598 heres
239 543 365 609 effectus,
387 553 471 599 totum
491 547 669 618 contempsit,
693 547 792 616 unicae
810 547 876 618 pul-

71 617 229 673 cheriimae
239 620 421 690 possessionis
437 624 542 685 amore,
563 622 674 686 virtutis
689 620 810 684 scilicet,
831 621 876 675 di·

70 693 188 748 mittens
202 694 289 748 multa
301 695 394 752 animo
409 696 542 750 carentia:
573 697 696 754 et'boum
706 699 821 770 q'uidern
831 713 876 752 ar-

70 776 169 822 menta
183 765 303 833 dimisit,
324 777 356 824 ut
364 777 462 841 suopte
471 770 585 841 ingenio
594 788 644 842 per
654 774 742 842 spatia
753 773 875 829 locorum

69 851 253 914 pascerentur
265 860 317 915 pro
330 843 433 909 lubito,
454 844 573 916 ideoque
583 845 649 901 licet
657 848 803 917 pastoralis
813 845 876 903 oili-

69 917 356 989 eiiignnrusheroice
366 919 494 975 nutrivit.

134 1035 362 1090 l3.·llemocritus
374 1042 479 1100 autem,
492 1035 560 1091 alter
570 1035 717 1108 opulentus
728 1046 756 1091 et
765 1053 877 1109 posses-

68 1129 118 1167 sor
128 1110 292 1174 inultorum,
305 1128 336 1165 co
346 1110 421 1182 quod
431 1119 507 1166 ortus
518 1119 590 1166 esset
598 1129 633 1166 ex
644 1111 748 1168 illustri
759 1110 874 1175 familia,

68 1185 214 1242 desiderio
224 1185 375 1258 sapientiae
385 1183 619 1240 familiarissimae
630 1185 755 1250 deditus,
767 1203 876 1240 caecam

68 1261 250 1332 invisamque
260 1260 439 1332 opulentiam,
449 1277 521 1332 quae
530 1262 625 1333 pravis
636 1269 663 1316 et
673 1259 779 1316 vilibus
789 1259 888 1330 tribui,

69 1335 232 1400 consuevit,
248 1335 385 1402 inhibuit;
406 1353 467 1390 eam
477 1353 557 1401 vero,
577 1353 647 1408 quae
658 1334 733 1390 haud
744 1353 824 1410 caeca
835 1344 877 1390 est

68 1429 103 1466 ac
114 1418 257 1476 constans,
274 1428 306 1466 eo
315 1409 389 1482 quod
403 1428 466 1474 oum
482 1410 563 1466 bonis
577 1412 645 1466 solis
661 1419 813 1476 assuescat,
830 1429 876 1467 ac-

68 1486 202 1560 quisivit.
239 1485 385 1558 Propterea
399 1485 544 1542 universas
566 1487 671 1559 patriae
690 1484 765 1561 leges
786 1487 876 1542 dimo·
915 1541 919 1555 ,

68 1578 138 1617 vere
149 1561 227 1616 visus
238 1569 292 1626 est,
310 1568 336 1617 et
350 1563 430 1633 quasi
445 1562 535 1617 malus
550 1564 649 1636 genius
665 1570 819 1634 reputatus,
837 1565 875 1619 ita

69 1645 101 1693 ut
111 1636 286 1709 periclitatus
295 1634 391 1701 luerit,
404 1654 439 1693 ne
448 1638 576 1709 sepulcro
586 1640 647 1710 ipso
655 1639 824 1709 privaretur,
839 1639 874 1693 ob

69 1712 165 1784 legem
180 1710 254 1782 apud
272 1711 418 1767 Abderitas
437 1714 592 1786 vigentem,
616 1730 688 1785 quae
703 1712 874 1785 insepultum

68 1785 277 1859 proiioiendum
287 1781 437 1851 statuebat,
456 1789 506 1859 qui
516 1790 619 1860 patrias
629 1788 705 1862 leges
716 1807 769 1845 uon
779 1786 875 1845 obser-

68 1868 176 1916 vasset.
208 1860 239 1916 Id
250 1878 316 1917 sane
325 1860 504 1917 subeundum
514 1873 572 1919 erat
580 1864 742 1929 Democrito,
755 1864 810 1919 nisi
820 1865 874 1919 mi-

67 1933 251 1991 sericordiam
270 1938 382 1991 sortitus
400 1946 473 1991 esset
491 1933 675 2011 benignitate,
709 1930 793 2011 quain
809 1956 873 2011 erga

68 2028 137 2072 eum
147 2011 246 2067 habuit
254 2012 432 2083 Hippocrates
443 2010 528 2081 Cous3
551 2014 731 2068 aemulatores
744 2015 819 2069 enim
829 2032 874 2068 sa-

68 2086 194 2157 pientiae
202 2086 274 2143 inter
283 2103 313 2141 se
326 2096 412 2141 erant.
450 2084 533 2153 Porto
543 2106 578 2144 ex
588 2088 648 2152 suis
658 2088 789 2159 operibus
800 2088 873 2143 ccle-

69 2160 173 2224 bratis,
194 2160 269 2233 quod
283 2162 437 2233 appellatur
451 2179 569 2234 magnus
584 2160 787 2234 diacosmus*),
808 2180 874 2217 cen-

69 2245 146 2300 tum,
165 2243 195 2291 ut
205 2236 332 2291 nonnulli
343 2236 453 2299 dicunt,
469 2236 560 2293 adhuc
571 2236 705 2308 amplius,
722 2234 820 2291 Atticis
831 2246 872 2291 ta-

70 2309 157 2365 lentis
167 2309 230 2385 CCC
241 2313 416 2368 aestimatum
429 2308 492 2367 luit.
570 2354 574 2363 ,

60 2408 64 2414 ’
129 2421 169 2473 ll.
192 2416 229 2494 [Ἴ
240 2419 343 2475 Verum
353 2418 468 2475 fortasse
478 2420 537 2474 risu
547 2418 650 2491 dignus
660 2432 786 2481 censeor,
808 2435 872 2490 pro-

70 2492 163 2547 terens
177 2510 249 2564 qrrae
263 2494 333 2548 mihi
348 2495 483 2559 contraria
497 2501 575 2556 sunt,
597 2500 623 2547 et
637 2506 709 2563 quae
719 2490 820 2546 melius
830 2502 872 2547 est

122 2631 145 2681 ⁸)
161 2643 192 2673 sc.
206 2637 304 2680 ornatur,
319 2630 437 2681 orno,·nct
446 2633 507 2672 Arm.
520 2634 625 2681 interpres
637 2630 692 2680 lectt
704 2630 833 2679 memmei,
848 2633 870 2673 h.

72 2693 92 2722 e.
107 2693 197 2732 mopsus
209 2685 264 2723 Iovis
277 2687 374 2725 mus.
400 2683 480 2723 Auci.
