2050 3100
173 203 221 256 3‘24
296 207 392 252 PHIL.
413 207 485 252 IUD.
506 206 668 263 QUAEsT.
687 206 737 253 ET
757 205 835 250 SOL.
856 200 970 267 [imit]

173 319 214 364 est
227 309 347 373 iustitia,
369 308 441 363 dona
451 308 566 362 minime
577 307 726 379 accipiens.
764 304 973 378 Undequibus-

173 384 350 457 damoptime
361 383 531 439 dictumest:
557 384 787 439 iudicindeiannt.

177 541 257 599 Quare
268 540 407 591 'occurrenti
422 540 495 590 annia
515 539 606 591 t‘nt'ma'ct'
626 539 757 592 mannitus
777 538 842 591 mont
860 536 972 588 redum

405 625 445 658 eos
462 617 485 657 et
501 606 616 657 reddere?
635 613 688 667 (23,
702 609 740 667 4.)

231 712 271 761 tt.
302 709 508 766 Familiaritatis
527 715 706 782 augmentum
724 706 917 781 (commendat)
931 717 974 762 at-

174 799 229 855 que
239 783 323 836 simui
331 791 424 838 monet
433 800 487 838 non
497 801 595 840 nocere
606 784 732 848 inimico,
746 782 797 839 sed
805 783 899 855 potius
908 799 974 854 pro-

174 858 265 912 desse.
304 856 431 914 Seoundo
445 860 642 914 continentiam
651 866 678 914 et
687 859 843 914 cautionem
853 857 974 916 avidita-

173 934 223 988 tis:
255 932 395 1004 siquidem
404 933 913 1007 quinaqueinimiconocarepatitur,
925 934 974 987 cui

174 1008 222 1063 alii
233 1006 364 1064 damnum
374 1008 444 1064 ferre
453 1008 528 1064 volet
536 1027 586 1080 pro
596 1026 647 1065 sua
657 1007 792 1064 utilitate?
820 1010 975 1066 Tertioau-

173 1083 250 1139 ferte
261 1083 352 1139 medio
362 1085 437 1140 rixas
446 1100 623 1156 pugnasque,
637 1090 768 1156 patronus
777 1083 914 1138 exsistens
921 1100 976 1154 pa-

174 1161 224 1223 cis,
236 1160 316 1214 cuius
325 1158 515 1230 possessiones
524 1158 976 1231 multipliciterdepingensosten-

174 1233 225 1288 dit.
260 1233 451 1292 Redditionem
461 1233 555 1304 itaqua
565 1235 703 1288 asinorum
713 1233 883 1306 principium
893 1240 978 1304 putat
1023 1256 1024 1309 p

174 1309 322 1364 oblationis
341 1311 418 1380 pacis
437 1319 464 1364 et
482 1309 724 1365 reconciliationis.
767 1307 904 1375 Quoniam
922 1311 977 1378 qui

174 1384 278 1446 reddit,
298 1381 334 1458 [*]
351 1401 462 1456 operam
476 1384 576 1438 amoris
588 1382 748 1455 perficiens,
769 1382 977 1455 quodammodo

175 1475 210 1512 ex
221 1459 311 1513 animo
322 1458 466 1514 familiaris
477 1458 691 1528 demonstratur;
722 1459 771 1531 qui
785 1474 851 1512 vcro
861 1459 975 1529 recipit,
1023 1454 1024 1477 ¹

175 1534 199 1586 si
215 1548 268 1587 non
282 1532 364 1605 piane
379 1536 503 1609 ingratus
517 1533 614 1600 fuerit,
633 1532 745 1614 deponit
754 1535 899 1590 saevitiam
909 1533 979 1589 vin-

175 1606 264 1661 dictae
277 1609 436 1679 capiendae.

178 1745 257 1803 Quare
280 1750 302 1797 si
322 1749 407 1799 uiderit
428 1752 480 1819 quis
501 1744 589 1801 inimici
607 1752 646 1804 aaa
665 1752 756 1801 omitum
771 1751 814 1799 sut
832 1765 903 1808 caete
916 1767 981 1814 pro·
1023 1749 1024 1800 ἶ

243 1815 345 1879 lapsum,
374 1818 437 1867 iubet
458 1836 504 1867 non
522 1819 712 1884 prnatennittore
729 1816 906 1887 (occasionem)
924 1835 980 1867 curn

241 1882 380 1932 sublevandi
396 1902 446 1933 oum
463 1892 506 1935 ec?
524 1889 578 1953 (23,
599 1887 636 1950 5.)

233 1986 273 2039 ta.
293 1985 412 2050 luteasio
424 1987 602 2051 additamenti
611 1990 778 2043 anteriorum
787 1996 842 2051 est,
862 1987 982 2043 undeet

173 2058 254 2130 plura
264 2059 378 2130 quidem
388 2061 461 2117 dicta
471 2072 512 2117 est
522 2064 651 2135 adaptare
661 2062 820 2135 superbae,
835 2078 871 2117 ox
881 2064 920 2117 iis
932 2066 982 2118 ni-

174 2134 284 2198 mirum,
298 2152 369 2207 quae
379 2136 413 2191 de
423 2137 554 2193 reddente
563 2146 628 2194 sunt
639 2138 722 2194 dicta.
750 2138 894 2193 Caeterum
906 2155 983 2210 qua·

174 2212 199 2265 si
210 2227 245 2265 ex
255 2212 407 2282 appendice
418 2212 566 2275 dicendum
576 2214 643 2279 erit,
658 2212 734 2285 quod
743 2213 926 2279 humanitatis
936 2213 983 2268 fa·

174 2286 396 2359 miliaritatisque
407 2289 522 2349 nimiam
532 2288 730 2351 abundantiam
740 2288 786 2344 hic
795 2288 933 2353 ostendit,
948 2306 982 2343 eo
1023 2333 1024 2358 p

174 2360 249 2432 quod
264 2380 317 2417 non
331 2369 436 2418 tantum
446 2363 568 2438 hortetur
578 2364 700 2431 inimicis
710 2380 821 2436 quoque
831 2363 980 2436 prodesse.

174 2454 271 2491 verum
286 2438 367 2491 etiam
382 2440 545 2509 gravitatem
556 2440 648 2495 oneris
660 2439 821 2494 animalium
830 2438 981 2493 brutorum
1023 2453 1024 2458 ’

175 2510 334 2575 sublevare,
355 2514 475 2567 maxime
489 2516 544 2567 iam
555 2513 713 2568 cadentium
722 2513 758 2569 ob
768 2512 981 2585 depressionem

174 2585 296 2655 ingentis
309 2587 449 2657 ponderis.
489 2586 557 2652 Quis
572 2588 646 2642 enim
659 2604 828 2659 quemquam
840 2605 876 2643 ex
886 2588 982 2643 homi·

175 2658 272 2721 nibus,
285 2677 402 2730 quorum
412 2680 466 2717 una
477 2669 519 2716 est
529 2662 653 2731 cognatio
663 2670 790 2728 naturae,
801 2664 983 2735 praetermit-

175 2736 226 2791 tet,
249 2732 361 2789 edoctus
377 2753 392 2790 a
406 2736 500 2791 divina
516 2734 576 2805 tege
591 2752 623 2789 ac
632 2737 731 2793 solitus
741 2755 793 2793 nec
802 2738 929 2794 iumenta
939 2746 983 2793 et-
