2050 3100
75 72 193 143 [u,ttt.]
248 76 290 146 lii
308 78 492 125 exultent.
512 78 641 124 sERroo
660 78 705 125 lv.
825 72 871 127 251

76 178 220 243 Secundo,
232 180 364 251 quianon
374 186 480 234 tautum
489 195 560 250 quac
572 176 671 235 didicit
680 186 761 251 atque
771 179 877 234 instru-

76 265 138 311 ctus
147 263 204 319 est,
218 255 367 310 memoriae
376 254 593 318 commendavit,
608 272 706 309 verum
719 255 800 309 etiam
810 254 876 325 quie

74 333 139 403 ipse
148 346 246 385 norma
255 327 308 384 iuit
320 329 465 402 plurimis,
486 329 559 384 sicut
569 337 595 383 et
605 329 653 385 olii
664 329 818 385 eruditione
827 345 877 401 ap-

75 407 167 477 prime
176 420 305 476 capaces,
326 413 447 461 mutatus
457 404 487 458 in
497 411 597 459 statum
607 404 744 469 habilem,
764 404 878 463 {occim-

76 481 146 547 dum
159 479 348 552 ferocemque,
369 479 436 534 dum
450 478 533 550 poulo
548 488 610 534 ante
625 480 764 536 laborabat
775 479 878 537 sterili-

77 564 143 611 tate.
183 556 287 619 Tertio,
298 554 374 627 quod
384 552 422 629 [Ἴ
433 554 607 625 disciplinas,
619 554 781 611 traditiones
790 564 817 611 et
827 554 878 611 do-

76 630 182 686 ctrinas
191 628 281 686 divini
292 630 437 703 regimims
446 637 522 684 ratur
531 646 591 685 esse
601 647 660 695 ees,
672 647 743 702 quae
753 630 877 687 studium

76 713 248 769 mereantur,
279 712 362 776 atque
380 706 442 759 iure
459 712 487 759 et
506 704 642 778 condigne
662 705 796 761 adscribit
813 706 877 761 ilias

76 780 201 853 principi
211 779 277 834 duci
288 780 349 835 deo.
388 779 479 847 Quare
489 779 658 851 stupetactus
669 781 749 837 dicit:
780 782 877 837 Accede

76 860 174 920 wine,
190 856 257 927 qnia
266 856 348 927 cupio
358 856 431 911 sciro
439 855 556 919 certios,
573 864 667 911 utrum
675 865 705 911 tu
715 856 826 921 sisille,
842 873 877 911 on

78 948 144 987 vero
158 931 231 985 alius
244 931 395 1002 quispiam.
433 930 498 985 Ideo
513 939 617 999 tenpore
632 930 734 986 dicitur
748 947 811 985 eum
822 948 877 985 uon

77 1024 163 1061 manu
172 1006 279 1078 potius,
298 1023 382 1077 quam
392 1013 483 1061 mente
493 1006 617 1069 consilii,
639 1021 689 1076 per
698 1021 728 1060 sc
738 1006 876 1075 accipiens

75 1080 278 1153 ocoiereusquc
288 1098 363 1136 nunc
372 1081 446 1137 diota
455 1080 668 1153 comptioribus
677 1079 764 1135 verbo
773 1087 799 1133 ot
811 1095 878 1153 ope·

76 1175 121 1217 re.
136 1156 269 1229 quoniam
279 1156 446 1214 cernitintor
455 1154 612 1213 eemultam
622 1154 829 1228 pugnationcm.

79 1274 163 1333 (boore
178 1284 235 1340 post
248 1274 411 1340 probationem
429 1274 501 1325 dicit.-
525 1276 602 1337 „Vox
620 1273 712 1339 quidem
729 1290 776 1322 nox
791 1271 875 1335 Iacob,

201 1358 285 1392 monus
301 1352 378 1392 oeten
395 1358 480 1393 manus
496 1342 606 1393 Ecaffl?
626 1345 681 1405 (27,
700 1342 754 1401 22.)

133 1440 194 1493 2⁴0.
215 1436 275 1492 Vox
284 1437 394 1492 interim
406 1436 562 1498 inducitur.
584 1454 638 1493 non
648 1454 719 1511 quae
729 1452 774 1492 oro
785 1446 812 1493 et
822 1437 877 1492 lin·

77 1663 151 1721 quae
161 1646 231 1702 dicit
239 1649 379 1713 meminit,
394 1647 444 1703 scd
454 1649 515 1721 ipse
525 1649 646 1720 plurima
656 1650 817 1722 acquisivit,
832 1657 877 1704 ut·

79 1731 143 1795 pote
154 1722 190 1777 de
199 1722 342 1779 sterilitate
352 1722 483 1779 ioetosus.
513 1725 604 1780 Tertio
613 1723 687 1796 quod
699 1724 793 1781 titulos
802 1724 878 1780 divi·

78 1799 155 1854 nitus
164 1799 277 1871 largitos
290 1797 374 1854 reiert
382 1807 408 1854 et
418 1798 502 1854 deum
512 1800 800 1865 confitetureutororo‚
821 1816 877 1871 qua

78 1871 172 1945 (morp.
182 1875 359 1946 quopropter)
367 1891 417 1947 pro
426 1876 497 1929 miro
510 1891 613 1946 pavore
626 1883 729 1940 metus,
751 1876 802 1930 eit:
823 1881 877 1942 Ap·

77 1952 272 2017 propriomibt,
291 1951 373 2022 cupio
382 1951 456 2004 enim
466 1966 547 2005 nosse
557 1950 733 2023 diligentius,
753 1950 778 2004 si
789 1957 818 2004 tu
828 1949 877 2005 iile

79 2039 110 2077 es
124 2032 152 2077 et
165 2039 221 2078 non
236 2022 313 2078 niter.
352 2025 431 2080 Unde
444 2025 527 2079 etiam
539 2029 672 2094 palpando
686 2042 750 2079 eum
763 2024 874 2087 dicitur,

79 2105 127 2153 eut
138 2099 232 2169 potius
246 2115 330 2156 manu
344 2116 427 2170 quern
441 2101 542 2154 mentis
561 2101 663 2155 intuitu
682 2097 874 2162 examinando,

78 2188 150 2243 quae
159 2172 243 2228 modo
252 2172 325 2229 dicte
339 2182 420 2248 atque
434 2182 511 2248 gesto
526 2182 603 2238 sunt,
626 2183 652 2230 et
666 2173 832 2230 conferendo
845 2189 876 2228 eo

79 2264 142 2302 oum
156 2248 384 2304 antecedentibus
396 2249 491 2304 verbis
505 2256 587 2322 atquo
604 2249 748 2321 operibus,
769 2249 877 2304 invenit

79 2323 160 2377 ineis
170 2339 225 2378 non
235 2339 363 2397 magnam
373 2324 581 2380 dissonantiam.

82 2444 163 2506 (ΜΝ
175 2457 234 2514 post
251 2448 380 2514 pabutum
397 2449 494 2500 dicitu:
521 2447 599 2514 „Vos
615 2447 708 2514 quidam
725 2461 772 2510 ηοω
792 2441 874 2506 Iacob,

290 2533 373 2566 moetas
388 2533 443 2566 vero
461 2533 544 2566 monuo
560 2515 670 2565 Ecou“t

133 2611 195 2666 2⁴⁰.
216 2610 288 2667 Voce
302 2627 378 2668 nunc
389 2612 491 2682 accipit
504 2628 558 2666 non
572 2611 629 2665 oris
642 2623 673 2660 eo
687 2605 799 2676 linguae
813 2602 877 2672 pul-
