2050 3100
72 178 211 257 [nauata]
238 192 279 237 ru
300 191 479 237 cnunsm.
499 191 627 238 sunnio
646 192 687 238 Ν.
818 185 851 236 65

70 299 155 346 sontem
167 292 364 364 integramque
378 308 488 347 servare
505 301 533 346 et
551 293 703 346 immunem
722 291 756 346 ab
775 291 852 346 omni

69 366 132 419 nalo.
168 368 238 421 Nam
250 367 447 438 insipientium
456 383 556 422 sensus
566 369 627 421 siue
637 366 762 421 custodia
772 365 853 421 dere-

68 437 184 495 liotisunt
198 450 227 496 et
244 441 337 496 libere
356 437 493 513 patentes,
519 459 637 512 quorum
656 457 736 496 nemo
756 449 798 495 est
818 439 853 495 ad

68 516 162 580 ostium,
176 514 213 591 [*]
230 517 284 588 qui
299 516 415 572 inutiles
429 533 461 570 ac
470 519 568 571 noxias
578 517 789 588 imaginationes
799 516 854 569 im·

67 589 263 662 pediat:.quare
277 600 307 646 et
316 591 454 662 plurimae
468 608 615 646 aerumnae
625 593 700 646 intus
711 591 851 655 insiliunt,

67 679 109 716 non
116 666 205 720 minus
214 665 405 730 voluntariae,
424 682 509 737 quam
520 667 735 730 involuntariae,
749 665 854 736 quibus

67 737 223 808 impudenter
236 741 377 814 ingressis
387 742 470 795 etiam
479 742 509 795 in
521 749 611 796 mente
622 741 773 796 formantur
786 739 856 794 faci-

66 810 117 866 liter
133 823 224 887 turpes
245 817 347 879 ideae,
372 817 477 887 quibus
494 816 541 870 die
558 825 585 870 et
602 825 681 871 nocte
699 814 811 870 vacillat
830 821 857 868 et

67 896 176 944 aestuans
197 901 330 946 movetur
356 892 461 955 anima,
492 891 624 962 quoniam
647 892 707 946 sine
730 888 856 946 custodia

67 958 174 1019 derelicti
183 973 262 1020 erant
275 982 377 1020 sensus
390 973 526 1037 patentes.

111 1036 214 1109 Optime
233 1042 323 1096 etiam
342 1040 448 1095 dictum
467 1049 524 1105 est,
550 1045 657 1096 matilia
677 1040 776 1095 factam
795 1056 856 1094 esse

68 1115 264 1181 apparitionem,
299 1116 366 1186 quia
389 1132 421 1169 ea
443 1124 486 1171 est
507 1115 573 1171 bora
595 1115 686 1186 magis
709 1115 855 1176 luminosa,

67 1199 137 1254 mam
146 1196 198 1244 tota
207 1190 266 1245 diei
279 1190 436 1262 longitudo.
474 1193 569 1262 ltaque
580 1189 733 1262 symbolice
743 1187 858 1242 demon-

68 1267 123 1316 strat
138 1264 349 1339 intelligibilem
369 1265 469 1329 solem,
500 1267 549 1338 qui
573 1265 748 1333 incorporeos
767 1261 858 1315 radios

67 1334 176 1393 immittit
188 1340 317 1396 lucidius
332 1356 365 1395 ac
378 1340 480 1396 clarius
499 1357 584 1413 super
603 1339 709 1392 animos
728 1336 856 1400 mundos,

68 1410 111 1477 qui
124 1412 232 1470 interius
246 1417 394 1470 intuentur
407 1415 500 1470 radios
518 1416 607 1487 ipsos,
635 1412 733 1468 affectu
748 1411 859 1484 pietatis

71 1499 142 1556 snpra
162 1490 307 1547 evehentis
330 1489 466 1546 familiare
487 1489 544 1545 sibi
569 1488 715 1545 reddentes
739 1487 856 1544 caelum.

71 1557 176 1642 Longius
191 1575 285 1622 tamen
299 1567 402 1621 intueri
414 1584 469 1622 non
482 1574 612 1638 possunt,
633 1565 765 1638 quoniam
778 1580 856 1635 pura,

71 1636 146 1691 nitida
158 1656 188 1694 ac
200 1649 300 1698 sancta
314 1642 364 1696 illa
377 1641 427 1697 lux
436 1643 596 1713 incorporea
606 1640 762 1712 splendoris
773 1640 859 1693 instar

71 1723 152 1777 sparsa
164 1714 265 1790 fulget,
286 1725 313 1771 et
325 1716 433 1788 fulgore
446 1734 496 1772 suc
507 1716 618 1775 hebetat
628 1716 732 1777 ocutos,
772 1712 858 1769 Vide-

72 1789 110 1835 tur
117 1794 200 1844 tamen
212 1792 300 1856 mihi,
322 1791 410 1863 quod,
432 1792 499 1863 quia
513 1792 612 1864 purius
628 1808 659 1845 ac
677 1788 800 1845 lucidius
816 1787 860 1841 lu-

74 1872 129 1912 men
138 1872 174 1918 est
182 1866 321 1931 meridiei,
333 1883 389 1937 quo
399 1867 478 1921 visus
487 1865 678 1937 perceptiones
688 1863 860 1919 manifestio-

72 1946 110 2017 ῐθξ
123 1949 248 2008 aguntur,
276 1940 338 1998 vult
352 1941 434 1997 etiam
451 1943 585 2013 sapientis
603 1940 774 1995 intellectum
793 1938 861 1992 illn-

72 2020 164 2065 mmare
173 2013 209 2085 (s.
220 2015 391 2087 illuminari)
402 2024 429 2071 et
445 2017 572 2087 undique
585 2015 713 2080 decorare
727 2014 766 2086 (s.
778 2013 861 2067 decc-

74 2082 134 2154 rari)
147 2089 229 2146 radiis
243 2090 356 2146 divinae
371 2090 457 2155 lucis,
478 2100 509 2147 ut
519 2092 621 2147 clarius
635 2089 860 2159 constantiusque

73 2159 194 2229 pereipiat
217 2182 346 2221 verorum
369 2167 476 2220 entium
497 2166 695 2239 impressiones
715 2161 801 2219 radiis
822 2159 858 2236 [*]

74 2230 161 2289 umbra
169 2239 211 2294 rel
222 2256 308 2312 opaco
321 2240 488 2298 carentibus.

79 2380 135 2439 Qud
148 2404 181 2443 eet
197 2397 303 2463 „Mu
331 2400 489 2532 eteceplpirg
500 2409 550 2529 {reo
568 2400 665 2449 stabunt
681 2414 752 2461 super
772 2397 861 2445 eom“t

456 2504 464 2530 ,
491 2502 499 2517 .

125 2560 150 2613 2·
172 2563 328 2623 Naturalius
342 2570 439 2640 utique
454 2569 509 2632 eis,
535 2568 585 2639 qui
605 2580 716 2621 cernere
734 2568 859 2633 possunt,

80 2640 260 2706 tenuerat,
281 2642 357 2714 quod
370 2652 397 2700 et
410 2660 498 2699 unum
511 2651 567 2697 tres
581 2659 641 2695 esse
657 2637 748 2697 licuit,
771 2643 797 2687 et
807 2642 862 2687 tres

83 2712 170 2828 ”llljms
192 2730 223 2771 co
231 2717 307 2843 gupd
320 2735 406 2775 unum
420 2727 485 2775 sunt
499 2716 656 2834 secundunp¹
668 2710 801 2763 rationem
816 2724 864 2761 sn-

135 2795 213 2838 urco
259 2795 289 2841 t.
647 2814 657 2832 Α
