2050 3100
188 179 237 232 stt
410 181 595 228 ruinosus
618 179 755 225 runsnr
873 175 995 243 [mern]

187 284 378 355 opprobrium,
398 280 528 353 quoniam
543 281 653 336 civibus
666 281 772 335 cunetis
783 280 892 351 pudore
903 283 995 339 suffu-

187 361 226 413 sis
237 368 264 414 et
273 360 303 413 in
312 368 339 413 te
349 374 458 429 quoque
468 357 583 429 pudoris
593 374 656 428 pars
666 357 818 427 perveniet.

242 486 285 538 37.
309 486 350 539 No
364 487 457 555 itaque
470 500 583 537 corones
598 499 681 554 super
694 492 755 537 tuos
775 492 907 553 parentes
929 488 1006 557 per-i

187 561 327 631 egrinum,
349 575 438 630 neque
453 558 487 612 de
498 557 599 613 nostris
609 558 784 617 contumeliis
795 559 892 614 virum
904 560 992 616 hono·
1005 556 1006 567 ¹

186 652 239 697 res,
254 650 305 688 neo
315 634 397 689 etiam
408 632 513 687 clarum
523 633 695 704 hilaremque
705 633 813 687 vultum
824 633 991 707 Sampsonis

188 710 295 773 videre,
311 710 417 763 tristem
428 716 572 779 parentum
583 707 663 764 velis.
704 707 834 779 Alioquin
849 710 875 763 si
893 713 988 766 nolens

134 820 139 829 ι
186 785 286 839 nostris
297 801 399 839 morem
409 800 504 856 gerere
513 783 620 847 verbis,
642 784 703 837 viro
717 785 808 854 potius
819 788 988 856 cooperatri-

185 876 246 915 eam
256 860 327 914 velis
337 876 411 922 esse,
431 866 461 913 tu
474 866 561 913 totum
571 860 683 928 patieris
699 857 845 923 damnum,
872 878 925 916 nos
941 879 986 915 au·
1005 885 1006 921 t

186 944 304 989 tamnen
314 951 394 990 omne
404 933 597 988 detrimentum
607 933 701 988 damni
713 935 860 1005 patiemur.
905 932 985 991 Na'm-
1005 934 1006 975 t

186 1026 240 1082 que
250 1012 274 1064 si
284 1011 345 1065 eius
356 1010 445 1065 solum
454 1009 558 1081 gloriae
573 1008 668 1073 cedas,
689 1026 723 1063 ex
737 1010 835 1081 patriis
850 1012 911 1065 tuis
925 1029 985 1083 pos-
1005 986 1006 1037 ¹

186 1087 357 1141 sessionibus
367 1085 580 1155 muletampaoti
593 1084 754 1148 reddemus,
777 1092 802 1138 et
817 1102 833 1138 a
847 1094 875 1139 te
892 1089 983 1142 mortis

186 1163 316 1217 mulctam
326 1178 375 1233 pro
384 1160 566 1215 obstinatione
581 1167 628 1213 tua
641 1160 797 1231 exigemus:
829 1161 930 1231 sicque
944 1162 983 1215 ni·

186 1237 227 1293 hil
242 1237 387 1309 perdentes
402 1235 575 1290 inveniemus
594 1235 699 1305 potius;
735 1234 837 1289 mulcta
856 1238 935 1290 enim
952 1236 983 1288 de
1005 1260 1006 1291 r

186 1314 286 1368 vestris
297 1312 418 1384 exigitur
426 1308 661 1382 possessionibus,
678 1309 838 1374 attristitia,
851 1308 890 1385 [Ἴ
904 1328 981 1383 quam
1005 1292 1006 1351 1

187 1389 323 1457 patiemur
333 1386 477 1449 debellati,
492 1394 539 1439 tua
550 1392 634 1438 morte
645 1384 776 1439 solvetur.

242 1516 285 1567 38.
311 1514 392 1569 Porro
406 1512 508 1568 dixerit
523 1510 646 1568 fortassis
659 1511 799 1584 quispiam
814 1512 979 1576 auditorum,
1005 1508 1006 1537 ³

186 1587 260 1657 quod
272 1587 302 1641 Si
312 1597 351 1641 tot
364 1598 392 1642 et
405 1598 493 1643 tantas
509 1589 598 1642 minas
612 1589 769 1642 comminati
784 1597 850 1643 sunt
862 1590 981 1659 puellae,
1005 1635 1006 1644 2

185 1677 240 1714 non
251 1660 371 1730 amplius
381 1663 485 1717 iustum
494 1666 546 1717 erit
556 1665 682 1717 incusare
693 1679 761 1726 eam,
774 1679 805 1717 eo
815 1663 893 1733 quod
903 1682 983 1718 suum
1005 1675 1006 1726 1

186 1735 360 1789 commodum
386 1737 547 1807 praetulerit
575 1739 687 1793 alterius
710 1737 861 1792 commodo.
912 1741 983 1812 Lege

186 1809 355 1886 Scripturam
370 1819 507 1873 accurate,
526 1819 553 1866 et
565 1814 615 1884 qui
629 1829 702 1867 nunc
716 1813 855 1885 improbas
870 1831 984 1870 accusa-

185 1893 257 1939 tores
267 1884 401 1948 mulieris,
413 1894 443 1939 tu
453 1886 513 1956 ipse
524 1887 578 1942 eris
588 1889 695 1960 primus
705 1888 829 1943 mulieris
838 1905 983 1962 oppugna-

184 1968 236 2014 tor.
276 1958 409 2025 Quoniam
420 1960 559 2026 homines,
576 1965 625 2036 qui
638 1971 816 2036 susceperunt
829 1964 981 2034 problema,

185 2051 235 2107 per
253 2042 308 2090 tres
325 2035 385 2090 dies
399 2037 510 2092 inotiosi
525 2037 636 2093 fuerunt
650 2039 684 2094 ad
698 2039 902 2110 quaestionem,
923 2049 983 2112 post

186 2118 277 2166 autem
290 2112 402 2169 tertium
417 2111 526 2167 adeam
540 2112 684 2170 deviantes
702 2113 895 2186 profugerunt.
934 2115 981 2168 llta

186 2203 251 2242 vero
261 2185 440 2259 Sampsonem
450 2189 583 2260 exprimo
594 2188 639 2242 die
649 2189 782 2252 tentabat,
799 2196 825 2242 et
836 2196 980 2260 antequam

186 2262 220 2317 ab
234 2263 292 2318 ullo
307 2265 462 2336 angustiam
475 2271 627 2335 pateretur,
649 2281 679 2319 se
693 2263 834 2336 angebat,
847 2271 874 2318 et
889 2266 981 2335 prius-

185 2354 269 2409 quam
280 2339 381 2410 aliquis
390 2341 505 2412 gratiam
518 2339 649 2409 petiisset,
662 2341 722 2411 ipsa
732 2337 841 2410 petebat
851 2338 909 2393 sibi
918 2357 981 2394 oon-

186 2414 248 2468 cedi
266 2416 392 2486 gratiam.
432 2415 534 2484 Sieque
552 2415 726 2484 praepostera
745 2413 882 2468 industsia
902 2414 980 2469 deee-

185 2489 288 2558 ptionis
297 2507 363 2544 suae
373 2497 465 2543 contra
475 2487 655 2559 Sampsonem
665 2489 811 2560 agebatur,
822 2505 877 2542 non
888 2505 924 2544 ex
934 2507 979 2544 ne-

184 2564 326 2626 cessitate,
346 2563 395 2618 sed
409 2580 446 2615 ex
458 2561 551 2616 indole
560 2563 649 2634 magis
660 2563 807 2618 elaborata.
847 2561 978 2628 Quoniam

185 2652 250 2706 ergo
268 2654 363 2692 omnes
381 2636 569 2690 concurrimus
589 2640 661 2691 circa
678 2639 869 2708 quaestionem
883 2655 979 2710 suspe·

184 2717 269 2773 ctam,
292 2712 416 2766 mulieris
426 2708 592 2764 maleficium
601 2719 741 2785 tamquam
751 2713 847 2785 rapina
857 2715 979 2770 convicta
1005 2711 1006 2752 t
