2050 3100
163 100 211 153 tat
285 104 384 149 enm.
406 103 481 149 1111).
500 102 664 161 Qunnsr.
682 103 732 147 er
752 103 830 148 son.
853 96 968 172 [neae]

161 206 293 277 quoniam
303 204 378 258 cedit
387 204 540 275 sapientiae
550 203 720 274 insipientia,
733 204 851 258 castitati
862 204 969 260 intern-

160 280 298 352 perantia,
320 279 443 333 iustitiae
462 278 613 341 iniustitia,
638 286 666 331 et
684 276 840 333 fortitudini
860 289 966 345 metus,

160 356 203 409 sic
217 362 245 409 et
258 360 364 408 caetera
377 352 540 408 huiusmodi
554 353 700 407 contraria.

206 477 243 543 [Ἴ
265 474 346 535 Quare
359 476 531 542 primopenitas
547 479 632 527 rubens
649 486 714 541 erat,
737 486 760 527 et
776 476 835 527 rictu
848 478 922 541 pellas

433 544 540 609 pilosus?
562 547 615 611 (25,
632 546 687 609 25.)
826 544 830 551 ‘

219 632 276 683 460.
296 629 373 685 Dicta
382 647 432 702 per
442 647 471 685 se
479 636 584 701 patent.
616 629 781 684 Rubicunda
791 645 853 683 caro
864 638 892 683 et
901 632 966 701 pel·

159 704 195 759 lis
210 703 317 759 hirsuta
330 704 435 760 indicio
449 713 513 760 sunt
527 705 642 778 agrestis
652 705 773 759 hominis
783 713 809 759 et
819 704 849 757 in
859 703 965 759 furiam

161 780 234 835 versi
249 778 337 835 ferino
351 797 426 835 more
440 797 476 834 ex
489 781 545 845 ira;
576 780 708 852 quoniam
727 778 877 834 rubescens
897 797 965 835 san-

159 855 351 926 guiuesueque
363 863 491 927 aspectus
502 854 578 909 idem
588 863 630 909 est
640 870 704 908 cum
715 853 804 909 colore
813 854 965 909 iracundo-

158 945 235 993 rum,
252 937 279 985 et
289 947 349 985 mos
359 948 424 985 vere
433 930 516 1002 pellis
527 946 616 993 more,
639 938 665 983 et
678 928 814 1001 quicquid
828 928 906 981 aliud
917 928 964 983 hi-

159 1003 273 1075 spidum
293 1023 343 1078 pro
363 1006 484 1078 tegmine
502 1014 530 1059 et
547 1004 666 1059 amicula
680 1004 799 1060 sumitur
814 1010 897 1073 atque
911 1020 964 1075 pro

160 1078 287 1135 cautione
310 1080 459 1154 obtegendi
483 1077 698 1134 fraudulentiam
720 1087 747 1133 et
766 1076 962 1134 audacitatem.

159 1154 202 1209 Ex
226 1155 278 1210 hoc
298 1162 391 1211 tamen
410 1154 535 1226 undique
555 1153 646 1209 facilis
665 1161 747 1225 captu
767 1160 821 1221 est;
856 1169 964 1224 pravus
1018 1204 1019 1211 ,

160 1230 235 1283 enim
254 1239 390 1301 quantum
407 1230 505 1286 nititur
524 1228 692 1299 moliturque
710 1236 740 1283 ut
759 1228 885 1282 inveniat
902 1245 965 1283 mo-

160 1302 242 1366 dum,
254 1322 289 1359 ne
300 1308 437 1377 capiatur,
453 1312 560 1359 tantum
570 1302 651 1359 facile
664 1304 771 1375 capitur
781 1302 815 1357 ab
826 1301 899 1366 iliis,
912 1304 963 1374 qui

160 1378 324 1446 sapientiam
333 1387 486 1450 sequuntur
496 1396 584 1451 eaque
593 1386 717 1433 utuntur.
747 1378 849 1434 Verum
859 1376 964 1433 distin-

75 1486 85 1503 .
160 1458 283 1520 guuntur
297 1452 369 1507 inter
381 1470 412 1507 se
424 1458 501 1524 pripr
517 1463 595 1509 natas
614 1462 641 1509 et
657 1456 857 1521 primoqenitus:
887 1470 963 1507 unus

162 1525 237 1577 enim
247 1523 382 1582 femineae
392 1525 580 1601 humidaeque
590 1529 719 1585 materiae
730 1536 824 1600 partus
832 1534 884 1593 est,
895 1530 963 1600 quia

161 1774 314 1821 versantur.
349 1766 459 1822 Celatur
470 1769 546 1822 enim
555 1768 691 1840 pudicitia
702 1769 866 1825 adveniente
877 1770 962 1826 luxu-

161 1842 259 1970 {1¹31}th
257 1841 374 1968 ¹¹ilustitia
384 1859 433 1914 per
443 1843 632 1916 iniquitatem,
650 1854 677 1902 et
687 1844 801 1901 audacia
810 1861 859 1916 per
874 1847 962 1917 trepi-

233 2023 325 2087 thtu'd
336 2025 507 2090 primoyene'taa
525 2037 587 2076 totae
603 2028 700 2090 rubens,
721 2037 744 2076 et
758 2027 855 2091 pilosae
868 2037 894 2076 ut

518 2095 596 2159 peltae.

218 2179 275 2230 ⁴60.
296 2177 421 2233 Densitas
431 2180 494 2233 vice
503 2180 637 2234 rabientis
647 2180 752 2234 bestiae
763 2197 798 2234 ex
813 2180 864 2233 ira.
906 2180 963 2234 Ru-

160 2249 250 2305 hescit
269 2252 343 2305 enim
363 2253 393 2306 in
411 2255 595 2326 sanguineum
610 2255 716 2318 visum,
738 2263 765 2308 et
778 2253 904 2307 moribus
919 2255 963 2308 in·

160 2326 256 2381 suavis
269 2334 301 2381 ut
314 2327 412 2398 pellis,
434 2336 461 2382 et
474 2344 507 2383 ec
521 2329 640 2400 amplius
656 2328 759 2383 densus
773 2336 804 2382 ut
816 2337 963 2400 gravatum

161 2417 196 2454 ex
206 2410 295 2456 astuta
305 2402 470 2472 petulantia,
482 2420 536 2458 non
547 2421 583 2458 ex
592 2412 701 2467 natura,
719 2402 781 2457 ideo
793 2402 874 2457 facile
885 2405 963 2474 capi-

160 2482 214 2528 tur.
255 2475 361 2542 Quantc
371 2479 444 2530 enirn
455 2486 547 2548 sperat
557 2477 676 2549 effugere
692 2493 808 2546 pravus,
831 2485 907 2532 tante
923 2476 963 2532 fe-

161 2548 244 2603 cilius
258 2552 367 2621 capitur
381 2567 396 2604 a
410 2550 605 2620 prudentibus.
644 2550 738 2604 Differt
751 2559 842 2606 tamen
855 2553 963 2622 primo-

162 2624 272 2689 genitus
291 2626 447 2696 primitivo:
484 2634 525 2680 est
545 2625 619 2680 enim
634 2624 682 2679 ilie
698 2641 796 2680 seusus
813 2625 961 2692 femineus,
