2050 3100
94 289 144 355 [n,
158 286 219 352 tu]
292 291 334 338 1u
350 289 519 340 uxonurr.
538 291 665 340 sunno
683 295 714 340 n.
852 291 901 344 329

96 392 232 467 angelum
248 393 464 448 existimandum
481 403 523 450 est
536 393 678 463 denotare;
705 395 755 466 qui
771 396 847 450 enim
866 396 901 450 ab

94 471 153 524 isto
172 468 275 523 dicitur
292 469 439 540 propheta,
466 469 581 542 angelus
599 477 641 524 est
657 471 802 525 veraciter.
845 472 901 526 Ne·

96 561 178 600 cesse
189 552 231 599 est
241 559 306 616 ergo
316 545 341 597 ei
352 545 401 614 qui
411 548 539 600 audiendo
547 549 635 608 cadit,
655 543 685 599 id
696 553 738 599 est
746 553 900 601 constanter

95 620 199 691 recipit
210 617 297 682 dicta,
320 635 401 690 opera
420 635 532 690 quoque
547 636 579 674 ea
596 619 741 691 perficere3
763 638 827 675 nam
842 638 901 675 ser·

95 695 190 750 monis
207 693 275 748 fides
289 701 437 764 operaest.
476 692 530 760 Qui
543 711 609 750 vero
625 694 709 750 dictis
727 696 900 751 consentiens

96 771 128 824 in
141 784 256 841 operam
270 767 346 824 ducit
355 768 511 825 ordinatum
520 785 570 840 per
579 770 814 836 enunciationem,
835 788 900 843 pro·

96 853 230 900 tectorem
244 843 398 898 necessario
415 844 470 898 sibi
480 845 599 914 acquirit
607 845 785 918 magistrum,
806 855 900 918 utpu-

96 929 186 983 tatur,
205 918 353 973 adiuvante
364 919 452 974 amico
462 917 518 991 (vei
528 919 706 976 adiuvantem
715 920 851 994 alumno),
871 939 899 976 re

97 999 191 1050 tamen
202 1010 267 1048 vera
276 993 387 1064 propria
397 993 538 1050 voluntate
547 994 633 1068 legis,
652 1012 737 1066 quam
746 995 898 1052 adversarii

97 1079 125 1125 et
134 1069 246 1124 inimici
254 1076 382 1140 optarunt
394 1068 546 1124 destruere.

135 1223 201 1284 Quid
217 1235 261 1289 est,
291 1226 357 1290 quod
371 1225 546 1290 „Destrueado
564 1225 669 1276 destrues
686 1234 709 1274 ct
725 1226 865 1275 contemndo

251 1304 355 1344 conteres
371 1304 465 1346 mutuos
482 1297 602 1345 aoraca“t
628 1294 680 1359 (23,
692 1293 747 1354 24.)

155 1397 196 1451 Π.
217 1395 357 1470 Statuae*)
371 1405 436 1452 sunt
448 1396 601 1472 symbolice
614 1403 706 1468 gratae
717 1394 806 1469 leges,
828 1411 899 1466 quae

100 1479 215 1527 statutae
232 1470 399 1543 fulcitaeque
414 1480 569 1528 constanter
581 1471 723 1526 videntur.
766 1471 899 1542 Accepta-

99 1565 160 1603 rum
175 1555 266 1602 autem
284 1547 389 1621 legum,
415 1556 521 1603 statuae
539 1550 625 1603 instar
643 1554 809 1612 erectarum,
834 1558 899 1603 sunt

98 1624 249 1696 quaedam,
267 1639 339 1694 quae
350 1623 508 1695 probandae
518 1631 583 1679 sunt
592 1639 718 1695 quasque
728 1640 846 1695 aequum
857 1632 899 1679 est

98 1708 170 1754 stare
184 1705 212 1753 et
226 1696 335 1753 firmum
349 1698 451 1753 habere
468 1700 553 1753 situm
571 1699 710 1767 stationis3
737 1707 802 1754 sunt
820 1700 896 1764 item,

99 1790 171 1846 quae
184 1773 382 1845 improbandae
396 1782 474 1838 sunt,
495 1790 565 1846 quas
579 1792 645 1830 saue
658 1773 764 1829 destrui
774 1775 896 1847 expedit.
942 1792 946 1799 ·

98 1849 264 1903 Huiusmodi
274 1857 351 1912 sunt,
373 1865 565 1921 quaecumque
577 1850 739 1922 insipientia
751 1860 843 1905 contra
859 1848 896 1925 [Ἴ

99 1924 274 1995 prudentiam
296 1925 405 1988 statuit,
436 1932 463 1980 et
485 1940 675 1997 quaecumque
699 1926 897 1981 incontinentia

99 1998 232 2054 adversus
246 1998 435 2064 sobrietatem,
457 2008 484 2055 et
498 2015 689 2073 quaecumque
702 2002 839 2056 iniustitia
848 2019 898 2073 pro

98 2074 218 2137 iustitia,
243 2081 270 2129 et
288 2091 479 2146 quaecumque
501 2076 638 2131 iniustitia
657 2093 706 2147 pro
725 2076 845 2141 iustitia,
871 2083 898 2131 et

98 2150 182 2205 simul
193 2149 327 2221 quicquid
337 2150 459 2206 malitiae
469 2158 561 2206 contra
573 2152 703 2207 virtutem
715 2160 766 2207 est.
795 2153 897 2209 Verum

97 2223 170 2280 illud
181 2226 365 2288 „Destrueado
374 2230 489 2281 marran
498 2235 523 2280 et
533 2231 683 2282 conterendo
693 2235 831 2283 conteras“
844 2227 897 2282 hu-

99 2299 220 2355 iusmodi
237 2299 345 2356 inducit
362 2301 538 2355 sententiam:
564 2299 699 2367 Quoniam
718 2309 760 2357 est
778 2302 894 2373 aliquid,

98 2375 172 2446 quod
183 2374 329 2430 destruunt
342 2376 376 2431 ad
386 2393 496 2431 rursum
507 2376 684 2450 erigendum,
705 2376 897 2449 confringunt-

98 2467 152 2523 que
162 2457 194 2505 ut
203 2451 303 2504 iterum
314 2460 451 2523 coaptent,
473 2452 498 2506 is
513 2460 604 2506 tamen
618 2452 679 2507 vult
691 2452 776 2506 semel
787 2450 897 2506 destru-

98 2534 172 2581 ctum
188 2522 412 2597 confractumque
426 2542 481 2581 non
492 2526 612 2599 amplius
622 2526 821 2598 reparationem
831 2542 897 2581 con·

99 2600 192 2672 sequi,
214 2598 264 2654 sed
279 2616 387 2673 semper
402 2603 431 2656 in
445 2602 620 2673 corruptione
633 2602 736 2664 iacere,
761 2600 896 2672 quicquid

100 2674 266 2731 contrarium
277 2684 317 2731 est
327 2676 398 2731 bono
408 2676 577 2749 optimoque.

148 2850 170 2899 ¹)
193 2849 227 2891 Cf.
241 2860 305 2899 supra
317 2850 366 2890 Vol.
378 2848 416 2890 v1.
430 2860 451 2898 p.
465 2850 510 2889 273.
