2050 3100
157 179 202 231 tea
269 180 367 225 enin.
387 176 462 222 ruo.
485 170 646 231 anusr.
664 168 714 213 nr
735 166 816 211 son.
835 159 880 225 [m
894 159 966 224 aaa]

154 284 210 339 sibi
236 277 440 339 convenientia,
481 274 532 327 etsi
560 278 671 325 externa
698 268 791 322 omnia
814 272 965 336 operetur.

153 356 336 426 Quamobrem
357 368 408 406 nec
433 346 588 403 navarchus
610 343 724 399 dimittit
743 342 870 402 clarum,
905 340 967 395 etsi

153 440 235 487 vento
246 444 376 502 prospero
385 431 480 498 pergat
490 423 583 485 navis,
602 417 810 490 sedgubernat3
830 412 968 485 nec(mi-

156 506 206 578 les)
221 502 389 573 derelinquit
408 499 548 560 ordinem,
578 496 680 565 inquo
698 492 864 546 constitutus
882 497 929 543 est
949 506 967 543 a

156 583 217 653 lege
230 578 382 651 sapientiae
393 584 474 646 atque
488 571 596 644 ingenii
611 566 765 623 secundum
778 564 910 636 peritiam
915 562 963 636 *);

155 671 246 725 neque
257 652 376 725 agricola
390 647 582 722 praetermittit
595 642 750 699 necessaria
763 639 888 695 culturae
901 646 966 693 ter-

156 748 214 793 rae,
236 742 405 799 quamquam
418 724 532 796 pluviae
545 736 595 792 pro
607 727 729 789 tempore
738 723 766 771 et
774 714 967 785 temperantia

157 805 226 859 aeria
246 804 323 857 iuxta
344 800 408 855 anni
432 802 609 870 tempestates
633 792 737 860 adsint3
768 806 859 860 neque
884 787 965 843 alius

156 880 306 950 quisquam
325 876 418 931 oculos
436 873 510 946 figit,
531 880 563 924 ut
577 886 626 941 per
643 886 673 923 se
687 865 854 937 prosperitas
871 862 967 919 adve-

157 956 228 1018 niat,
256 954 344 1008 otium
362 948 530 1023 proditorem
550 944 654 999 malum
673 942 729 997 sibi
749 939 901 996 concilians
930 948 966 993 ut

157 1030 263 1085 socium
273 1027 400 1083 electum.
440 1021 558 1077 Difficile
568 1035 688 1090 namque
698 1026 752 1081 est,
771 1023 802 1070 ut
811 1014 891 1085 quis,
914 1015 966 1069 ni-

157 1105 198 1160 hil
214 1104 302 1159 lacere
318 1120 349 1158 ac
367 1101 489 1157 laborare
507 1096 616 1158 volens,
642 1109 740 1147 saxum
757 1090 802 1146 vel
819 1089 965 1161 quicquid

156 1182 339 1235 inanimatum
354 1177 410 1231 sibi
424 1174 566 1245 acquirere
579 1169 667 1242 possit
679 1166 734 1238 (vel
745 1165 848 1219 imitari
862 1164 961 1236 velit);

158 1256 341 1310 nihilomiuus
359 1252 414 1306 frui
432 1246 601 1304 abundantia
619 1242 768 1313 voluptatis
785 1238 846 1294 vult
863 1238 962 1301 homo,

158 1331 229 1384 nihil
249 1329 363 1384 studens
384 1325 512 1381 humanis
533 1322 626 1376 rebus.
675 1317 777 1371 Littera
795 1313 965 1367 huiusmodi

158 1413 209 1458 est.
242 1404 328 1457 Habet
337 1411 428 1456 tamen
439 1408 465 1453 et
475 1397 635 1469 allegoriam
647 1391 724 1446 locus
734 1405 884 1461 congruam
894 1405 965 1441 cum

157 1477 318 1550 praedictis.
357 1472 588 1543 Quandoquidem
598 1467 715 1524 verbum
730 1465 851 1520 exterius
866 1463 965 1534 prola-

158 1561 218 1606 tum
230 1551 264 1604 ad
275 1550 505 1620 comparationem
516 1546 617 1601 mentis
630 1542 790 1598 adolescens
805 1546 847 1593 est
862 1538 965 1611 appel-

160 1627 245 1687 latus,
258 1632 340 1692 atque
350 1622 433 1676 simul
445 1621 584 1676 dubitavit
594 1628 621 1675 et
634 1618 820 1690 suspicionem
830 1613 965 1668 exhibuit

158 1698 327 1754 infirmitatis
342 1695 387 1751 vel
402 1695 586 1767 deceptionis,
612 1695 675 1748 ideo
693 1692 785 1747 iunxit
800 1699 882 1760 atque
897 1706 966 1743 coa-

158 1774 247 1845 ptavit
257 1773 282 1825 ei
294 1772 412 1830 salvator
422 1771 539 1825 verbum
550 1770 666 1824 alterum
675 1765 824 1822 infallibile
835 1781 866 1818 ac
877 1763 966 1818 infal-

161 1849 219 1910 lax‚
248 1845 323 1916 quod
344 1846 473 1918 angelum
492 1845 664 1915 nuncupavit
686 1843 763 1898 velut
782 1843 964 1910 interpretem

160 1921 250 1975 divini
261 1920 365 1974 oraculi
375 1920 565 1991 mandatique;
581 1921 606 1973 is
619 1936 685 1991 ergo
695 1934 782 1990 quum
794 1914 879 1977 adsit,
895 1913 966 1967 edo·

160 2014 225 2050 cens
235 1995 349 2050 instruit
362 1996 500 2052 hominem
515 2012 569 2050 non
583 1994 703 2065 amplius
714 1991 807 2047 verbis
818 1989 964 2053 vacillare,

160 2069 296 2128 dimoveri
307 2087 338 2123 ac
348 2070 515 2125 conturbari.

162 2179 198 2242 [*]
217 2177 282 2234 naid
294 2187 339 2256 art,
360 2177 425 2256 qood
436 2175 493 2239 „Si
504 2177 605 2256 noluerit
618 2176 699 2226 mulier
716 2185 790 2225 tecum
807 2173 899 2234 venire,
918 2189 966 2234 pu·

228 2262 269 2293 rus
289 2261 335 2294 erra
353 2262 369 2293 a
413 2262 425 2292 r
662 2262 670 2293 .·
923 2241 928 2250 '

228 2328 301 2362 meum
319 2329 347 2361 ne
367 2254 584 2364 rpgupanpeqppucqqqo
596 2260 656 2374 gl?
671 2240 864 2373 &famum
882 2239 966 2301 fllium

218 2401 261 2451 et.
287 2396 437 2452 Haesitabit
454 2396 556 2466 aliquis
574 2393 699 2466 (forsan),
716 2391 867 2462 quomodo,
886 2399 968 2462 post-

162 2490 246 2546 quam
256 2472 367 2526 omnino
378 2479 530 2525 asseruerat
540 2469 688 2525 adventum
699 2467 840 2531 mulieris.
864 2467 967 2520 comite

213 2614 234 2660 *l
257 2614 336 2652 Textus
354 2611 456 2650 contusus
469 2613 525 2658 erat,
547 2610 584 2648 sed
597 2620 624 2648 ox
637 2610 691 2647 serie
705 2618 776 2648 rerum
795 2609 827 2647 sic
845 2607 967 2654 intelligere

163 2664 298 2706 commodum
314 2665 385 2701 visum
402 2665 444 2706 est,
469 2671 511 2700 una
528 2671 577 2699 cnm
594 2660 742 2706 aequantibus,
765 2659 803 2698 ubi
819 2668 862 2697 non
876 2658 968 2698 deornm

165 2714 217 2750 aliae
232 2713 375 2752 difficultates.
401 2712 482 2752 Δηοῖ).
