<?xml version="1.0" encoding="UTF-8"?>
<!DOCTYPE html PUBLIC "-//W3C//DTD XHTML 1.0 Transitional//EN"
    "http://www.w3.org/TR/xhtml1/DTD/xhtml1-transitional.dtd">
<html xmlns="http://www.w3.org/1999/xhtml" xml:lang="en" lang="en">
 <head>
  <title>
</title>
<meta http-equiv="Content-Type" content="text/html;charset=utf-8" />
  <meta name='ocr-system' content='tesseract 3.04.00' />
  <meta name='ocr-capabilities' content='ocr_page ocr_carea ocr_par ocr_line ocrx_word'/>
</head>
<body>
  <div class='ocr_page' id='page_1' title='image "./operaomniaadlib02philgoog/operaomniaadlib02philgoog_0304.png"; bbox 0 0 2050 3100; ppageno 0'>
   <div class='ocr_carea' id='block_1_1' title="bbox 88 277 1690 343">
    <p class='ocr_par' dir='ltr' id='par_1_1' title="bbox 88 277 1690 343">
     <span class='ocr_line' id='line_1_1' title="bbox 88 277 1690 343; baseline 0.001 -15"><span class='ocrx_word' id='word_1_1' title='bbox 88 279 172 343; x_wconf 86' lang='lat'><em>[11,</em></span> <span class='ocrx_word' id='word_1_2' title='bbox 194 277 315 343; x_wconf 67' lang='lat'>438]</span> <span class='ocrx_word' id='word_1_3' title='bbox 438 282 520 327; x_wconf 86' lang='lat' dir='ltr'>IN</span> <span class='ocrx_word' id='word_1_4' title='bbox 560 282 916 328; x_wconf 84' lang='lat' dir='ltr'>GENESIN.</span> <span class='ocrx_word' id='word_1_5' title='bbox 964 281 1219 327; x_wconf 78' lang='lat' dir='ltr'>SERMO</span> <span class='ocrx_word' id='word_1_6' title='bbox 1256 283 1341 330; x_wconf 82' lang='lat' dir='ltr'>IV.</span> <span class='ocrx_word' id='word_1_7' title='bbox 1590 277 1690 331; x_wconf 75' lang='lat'>289</span> 
     </span>
    </p>
   </div>
   <div class='ocr_carea' id='block_1_2' title="bbox 81 381 1703 1277">
    <p class='ocr_par' dir='ltr' id='par_1_2' title="bbox 81 381 1703 1277">
     <span class='ocr_line' id='line_1_2' title="bbox 84 381 1693 456; baseline -0.001 -17"><span class='ocrx_word' id='word_1_8' title='bbox 84 383 340 439; x_wconf 88' lang='lat' dir='ltr'>termissa</span> <span class='ocrx_word' id='word_1_9' title='bbox 367 382 698 454; x_wconf 82' lang='lat' dir='ltr'>cogitatione</span> <span class='ocrx_word' id='word_1_10' title='bbox 726 381 952 436; x_wconf 86' lang='lat' dir='ltr'>caelesti</span> <span class='ocrx_word' id='word_1_11' title='bbox 977 398 1308 456; x_wconf 77' lang='lat' dir='ltr'>semperque</span> <span class='ocrx_word' id='word_1_12' title='bbox 1334 381 1582 455; x_wconf 86' lang='lat' dir='ltr'>virgine,</span> <span class='ocrx_word' id='word_1_13' title='bbox 1622 383 1693 438; x_wconf 87' lang='lat' dir='ltr'>ad</span> 
     </span>
     <span class='ocr_line' id='line_1_3' title="bbox 82 455 1695 531; baseline 0 -19"><span class='ocrx_word' id='word_1_14' title='bbox 82 457 222 531; x_wconf 91' lang='lat' dir='ltr'>quid</span> <span class='ocrx_word' id='word_1_15' title='bbox 244 457 350 512; x_wconf 91' lang='lat' dir='ltr'>erit</span> <span class='ocrx_word' id='word_1_16' title='bbox 371 455 514 510; x_wconf 90' lang='lat' dir='ltr'>mihi</span> <span class='ocrx_word' id='word_1_17' title='bbox 536 457 727 510; x_wconf 88' lang='lat' dir='ltr'>vivere</span> <span class='ocrx_word' id='word_1_18' title='bbox 747 455 1069 511; x_wconf 89' lang='lat' dir='ltr'>huiusmodi</span> <span class='ocrx_word' id='word_1_19' title='bbox 1091 455 1335 512; x_wconf 85' lang='lat' dir='ltr'>videndo</span> <span class='ocrx_word' id='word_1_20' title='bbox 1362 456 1695 512; x_wconf 88' lang='lat' dir='ltr'>demutatio-</span> 
     </span>
     <span class='ocr_line' id='line_1_4' title="bbox 81 529 1693 602; baseline 0.001 -15"><span class='ocrx_word' id='word_1_21' title='bbox 81 549 212 588; x_wconf 85' lang='lat' dir='ltr'>nem</span> <span class='ocrx_word' id='word_1_22' title='bbox 231 540 289 586; x_wconf 87' lang='lat' dir='ltr'>et</span> <span class='ocrx_word' id='word_1_23' title='bbox 315 531 695 602; x_wconf 82' lang='lat' dir='ltr'>captivitatem</span> <span class='ocrx_word' id='word_1_24' title='bbox 724 531 783 584; x_wconf 90' lang='lat' dir='ltr'>in</span> <span class='ocrx_word' id='word_1_25' title='bbox 815 529 1243 585; x_wconf 89' lang='lat' dir='ltr'>similitudinem</span> <span class='ocrx_word' id='word_1_26' title='bbox 1272 532 1544 596; x_wconf 75' lang='lat' dir='ltr'>civitatiS,</span> <span class='ocrx_word' id='word_1_27' title='bbox 1583 541 1693 588; x_wconf 86' lang='lat' dir='ltr'>tota</span> 
     </span>
     <span class='ocr_line' id='line_1_5' title="bbox 83 603 1695 670; baseline 0.001 -9"><span class='ocrx_word' id='word_1_28' title='bbox 83 609 268 662; x_wconf 90' lang='lat' dir='ltr'>anima</span> <span class='ocrx_word' id='word_1_29' title='bbox 308 603 626 660; x_wconf 68' lang='lat' dir='ltr'>destructa?</span> <span class='ocrx_word' id='word_1_30' title='bbox 685 603 954 670; x_wconf 87' lang='lat' dir='ltr'>Quoniam</span> <span class='ocrx_word' id='word_1_31' title='bbox 990 605 1132 660; x_wconf 90' lang='lat' dir='ltr'>ecce&#39;</span> <span class='ocrx_word' id='word_1_32' title='bbox 1159 612 1211 660; x_wconf 90' lang='lat' dir='ltr'>et</span> <span class='ocrx_word' id='word_1_33' title='bbox 1240 606 1376 660; x_wconf 90' lang='lat' dir='ltr'>alter</span> <span class='ocrx_word' id='word_1_34' title='bbox 1405 623 1476 661; x_wconf 85' lang='lat' dir='ltr'>ex</span> <span class='ocrx_word' id='word_1_35' title='bbox 1502 615 1695 662; x_wconf 90' lang='lat' dir='ltr'>natura</span> 
     </span>
     <span class='ocr_line' id='line_1_6' title="bbox 82 678 1699 753; baseline 0 -17"><span class='ocrx_word' id='word_1_36' title='bbox 82 681 251 736; x_wconf 85' lang='lat' dir='ltr'>frater</span> <span class='ocrx_word' id='word_1_37' title='bbox 270 682 395 735; x_wconf 93' lang='lat' dir='ltr'>eius</span> <span class='ocrx_word' id='word_1_38' title='bbox 409 721 422 744; x_wconf 92' lang='lat'>,</span> <span class='ocrx_word' id='word_1_39' title='bbox 447 678 696 734; x_wconf 86' lang='lat' dir='ltr'>moribus</span> <span class='ocrx_word' id='word_1_40' title='bbox 715 687 898 734; x_wconf 86' lang='lat' dir='ltr'>tamen</span> <span class='ocrx_word' id='word_1_41' title='bbox 915 680 1181 735; x_wconf 90' lang='lat' dir='ltr'>inimicus</span> <span class='ocrx_word' id='word_1_42' title='bbox 1196 721 1209 744; x_wconf 87' lang='lat'>,</span> <span class='ocrx_word' id='word_1_43' title='bbox 1233 697 1262 734; x_wconf 90' lang='lat' dir='ltr'>a</span> <span class='ocrx_word' id='word_1_44' title='bbox 1281 682 1559 753; x_wconf 86' lang='lat' dir='ltr'>principio</span> <span class='ocrx_word' id='word_1_45' title='bbox 1579 683 1699 737; x_wconf 86' lang='lat' dir='ltr'>vir-</span> 
     </span>
     <span class='ocr_line' id='line_1_7' title="bbox 82 752 1696 827; baseline 0.001 -16"><span class='ocrx_word' id='word_1_46' title='bbox 82 765 259 812; x_wconf 89' lang='lat' dir='ltr'>tutem</span> <span class='ocrx_word' id='word_1_47' title='bbox 278 754 408 810; x_wconf 87' lang='lat' dir='ltr'>odio</span> <span class='ocrx_word' id='word_1_48' title='bbox 428 752 639 809; x_wconf 86' lang='lat' dir='ltr'>habens</span> <span class='ocrx_word' id='word_1_49' title='bbox 655 795 668 820; x_wconf 89' lang='lat'><strong>‚</strong></span> <span class='ocrx_word' id='word_1_50' title='bbox 708 771 808 826; x_wconf 90' lang='lat' dir='ltr'>per</span> <span class='ocrx_word' id='word_1_51' title='bbox 826 755 1101 827; x_wconf 82' lang='lat' dir='ltr'>impervia</span> <span class='ocrx_word' id='word_1_52' title='bbox 1120 756 1393 826; x_wconf 72' lang='lat' dir='ltr'>perrexit,</span> <span class='ocrx_word' id='word_1_53' title='bbox 1432 755 1696 812; x_wconf 82' lang='lat' dir='ltr'>derelicta</span> 
     </span>
     <span class='ocr_line' id='line_1_8' title="bbox 82 829 1700 902; baseline 0.001 -17"><span class='ocrx_word' id='word_1_54' title='bbox 82 832 176 885; x_wconf 86' lang='lat' dir='ltr'>via</span> <span class='ocrx_word' id='word_1_55' title='bbox 192 872 205 895; x_wconf 85' lang='lat'>‚</span> <span class='ocrx_word' id='word_1_56' title='bbox 236 846 383 902; x_wconf 87' lang='lat' dir='ltr'>quae</span> <span class='ocrx_word' id='word_1_57' title='bbox 403 845 503 900; x_wconf 87' lang='lat' dir='ltr'>per</span> <span class='ocrx_word' id='word_1_58' title='bbox 521 836 733 884; x_wconf 91' lang='lat' dir='ltr'>rectum</span> <span class='ocrx_word' id='word_1_59' title='bbox 753 829 1173 901; x_wconf 84' lang='lat' dir='ltr'>condecensque</span> <span class='ocrx_word' id='word_1_60' title='bbox 1192 830 1560 899; x_wconf 82' lang='lat' dir='ltr'>conducebat3</span> <span class='ocrx_word' id='word_1_61' title='bbox 1616 841 1700 886; x_wconf 89' lang='lat' dir='ltr'>at-</span> 
     </span>
     <span class='ocr_line' id='line_1_9' title="bbox 84 904 1699 977; baseline 0 -17"><span class='ocrx_word' id='word_1_62' title='bbox 84 923 195 977; x_wconf 89' lang='lat' dir='ltr'>que</span> <span class='ocrx_word' id='word_1_63' title='bbox 217 923 249 961; x_wconf 88' lang='lat' dir='ltr'>a</span> <span class='ocrx_word' id='word_1_64' title='bbox 270 904 646 960; x_wconf 78' lang='lat' dir='ltr'>familiaritate</span> <span class='ocrx_word' id='word_1_65' title='bbox 676 905 828 969; x_wconf 89' lang='lat' dir='ltr'>eius,</span> <span class='ocrx_word' id='word_1_66' title='bbox 871 906 970 976; x_wconf 89' lang='lat' dir='ltr'>qui</span> <span class='ocrx_word' id='word_1_67' title='bbox 1001 905 1310 960; x_wconf 89' lang='lat' dir='ltr'>secundum</span> <span class='ocrx_word' id='word_1_68' title='bbox 1340 905 1699 977; x_wconf 84' lang='lat' dir='ltr'>disciplinam</span> 
     </span>
     <span class='ocr_line' id='line_1_10' title="bbox 85 978 1701 1047; baseline 0 -11"><span class='ocrx_word' id='word_1_69' title='bbox 85 979 330 1043; x_wconf 81' lang='lat' dir='ltr'>incedit,</span> <span class='ocrx_word' id='word_1_70' title='bbox 373 978 716 1047; x_wconf 80' lang='lat' dir='ltr'>abalienatus</span> <span class='ocrx_word' id='word_1_71' title='bbox 731 1019 743 1043; x_wconf 88' lang='lat'><strong>‚</strong></span> <span class='ocrx_word' id='word_1_72' title='bbox 786 978 1128 1035; x_wconf 86' lang='lat' dir='ltr'>ferocitatem</span> <span class='ocrx_word' id='word_1_73' title='bbox 1161 980 1489 1035; x_wconf 83' lang='lat' dir='ltr'>insolentiae</span> <span class='ocrx_word' id='word_1_74' title='bbox 1530 981 1701 1036; x_wconf 83' lang='lat' dir='ltr'>laeta-</span> 
     </span>
     <span class='ocr_line' id='line_1_11' title="bbox 85 1052 1703 1128; baseline 0.001 -18"><span class='ocrx_word' id='word_1_75' title='bbox 85 1054 282 1110; x_wconf 83' lang='lat' dir='ltr'>bunde</span> <span class='ocrx_word' id='word_1_76' title='bbox 303 1053 417 1108; x_wconf 87' lang='lat' dir='ltr'>sibi</span> <span class='ocrx_word' id='word_1_77' title='bbox 439 1052 703 1118; x_wconf 86' lang='lat' dir='ltr'>adscivit,</span> <span class='ocrx_word' id='word_1_78' title='bbox 734 1054 810 1108; x_wconf 87' lang='lat' dir='ltr'>ita</span> <span class='ocrx_word' id='word_1_79' title='bbox 830 1063 891 1109; x_wconf 90' lang='lat' dir='ltr'>ut</span> <span class='ocrx_word' id='word_1_80' title='bbox 911 1056 1135 1110; x_wconf 90' lang='lat' dir='ltr'>omnino</span> <span class='ocrx_word' id='word_1_81' title='bbox 1154 1063 1427 1128; x_wconf 82' lang='lat' dir='ltr'>agrestem</span> <span class='ocrx_word' id='word_1_82' title='bbox 1444 1054 1703 1111; x_wconf 88' lang='lat' dir='ltr'>redderet</span> 
     </span>
     <span class='ocr_line' id='line_1_12' title="bbox 85 1128 1702 1200; baseline 0 -15"><span class='ocrx_word' id='word_1_83' title='bbox 85 1132 340 1185; x_wconf 89' lang='lat' dir='ltr'>animum</span> <span class='ocrx_word' id='word_1_84' title='bbox 361 1144 461 1199; x_wconf 88' lang='lat' dir='ltr'>per</span> <span class='ocrx_word' id='word_1_85' title='bbox 480 1129 649 1193; x_wconf 86' lang='lat' dir='ltr'>iram,</span> <span class='ocrx_word' id='word_1_86' title='bbox 677 1128 1039 1200; x_wconf 82' lang='lat' dir='ltr'>cupiditatem</span> <span class='ocrx_word' id='word_1_87' title='bbox 1054 1170 1067 1195; x_wconf 90' lang='lat'><strong>‚</strong></span> <span class='ocrx_word' id='word_1_88' title='bbox 1091 1130 1454 1194; x_wconf 84' lang='lat' dir='ltr'>iniustitiam,</span> <span class='ocrx_word' id='word_1_89' title='bbox 1488 1129 1702 1186; x_wconf 85' lang='lat' dir='ltr'>fraudi-</span> 
     </span>
     <span class='ocr_line' id='line_1_13' title="bbox 84 1203 1180 1277; baseline -0.005 -17"><span class='ocrx_word' id='word_1_90' title='bbox 84 1206 311 1277; x_wconf 88' lang='lat' dir='ltr'>busque</span> <span class='ocrx_word' id='word_1_91' title='bbox 327 1203 514 1258; x_wconf 85' lang='lat' dir='ltr'>omnia</span> <span class='ocrx_word' id='word_1_92' title='bbox 534 1211 710 1258; x_wconf 83' lang='lat' dir='ltr'>astute</span> <span class='ocrx_word' id='word_1_93' title='bbox 729 1204 1091 1261; x_wconf 85' lang='lat' dir='ltr'>tentantibus.</span> <span class='ocrx_word' id='word_1_94' title='bbox 1175 1250 1180 1254; x_wconf 81' lang='grc'>,</span> 
     </span>
    </p>
   </div>
   <div class='ocr_carea' id='block_1_3' title="bbox 91 1311 1704 1579">
    <p class='ocr_par' dir='ltr' id='par_1_3' title="bbox 91 1311 1704 1579">
     <span class='ocr_line' id='line_1_14' title="bbox 91 1311 1703 1380; baseline -0.001 -17"><span class='ocrx_word' id='word_1_95' title='bbox 91 1312 260 1371; x_wconf 80' lang='lat' dir='ltr'>Quare</span> <span class='ocrx_word' id='word_1_96' title='bbox 297 1311 415 1370; x_wconf 75' lang='lat' dir='ltr'>dicit</span> <span class='ocrx_word' id='word_1_97' title='bbox 448 1312 496 1361; x_wconf 81' lang='lat' dir='ltr'>ei</span> <span class='ocrx_word' id='word_1_98' title='bbox 517 1321 665 1380; x_wconf 71' lang='lat' dir='ltr'>pater</span> <span class='ocrx_word' id='word_1_99' title='bbox 697 1329 832 1362; x_wconf 77' lang='lat' dir='ltr'>suus.-</span> <span class='ocrx_word' id='word_1_100' title='bbox 897 1349 932 1376; x_wconf 88' lang='lat'><strong>„</strong></span> <span class='ocrx_word' id='word_1_101' title='bbox 949 1312 1133 1377; x_wconf 74' lang='lat' dir='ltr'>Surye,</span> <span class='ocrx_word' id='word_1_102' title='bbox 1185 1313 1395 1377; x_wconf 81' lang='lat' dir='ltr'>transfer</span> <span class='ocrx_word' id='word_1_103' title='bbox 1430 1321 1474 1361; x_wconf 79' lang='lat' dir='ltr'>te</span> <span class='ocrx_word' id='word_1_104' title='bbox 1508 1312 1558 1361; x_wconf 77' lang='lat' dir='ltr'>in</span> <span class='ocrx_word' id='word_1_105' title='bbox 1590 1311 1703 1361; x_wconf 86' lang='lat' dir='ltr'>Me·</span> 
     </span>
     <span class='ocr_line' id='line_1_15' title="bbox 224 1377 1698 1444; baseline -0.001 -14"><span class='ocrx_word' id='word_1_106' title='bbox 224 1380 543 1444; x_wconf 73' lang='lat' dir='ltr'>sopotamiam</span> <span class='ocrx_word' id='word_1_107' title='bbox 584 1380 633 1437; x_wconf 76' lang='lat' dir='ltr'>in</span> <span class='ocrx_word' id='word_1_108' title='bbox 674 1378 858 1432; x_wconf 82' lang='lat' dir='ltr'>domum</span> <span class='ocrx_word' id='word_1_109' title='bbox 900 1377 1121 1429; x_wconf 76' lang='lat' dir='ltr'>Bathuel</span> <span class='ocrx_word' id='word_1_110' title='bbox 1152 1380 1313 1443; x_wconf 77' lang='lat' dir='ltr'>patris</span> <span class='ocrx_word' id='word_1_111' title='bbox 1355 1379 1521 1428; x_wconf 63' lang='lat' dir='ltr'>matr-ik</span> <span class='ocrx_word' id='word_1_112' title='bbox 1573 1388 1698 1441; x_wconf 77' lang='lat' dir='ltr'>tuae,</span> 
     </span>
     <span class='ocr_line' id='line_1_16' title="bbox 226 1446 1704 1579; baseline -0.001 -83"><span class='ocrx_word' id='word_1_113' title='bbox 226 1458 457 1579; x_wconf 57' lang='grc' dir='ltr'>Ξὲδωηιιεε</span> <span class='ocrx_word' id='word_1_114' title='bbox 473 1447 562 1577; x_wconf 44' lang='lat' dir='ltr'>§ibi</span> <span class='ocrx_word' id='word_1_115' title='bbox 591 1463 782 1496; x_wconf 79' lang='lat' dir='ltr'>uxorem</span> <span class='ocrx_word' id='word_1_116' title='bbox 811 1446 870 1496; x_wconf 85' lang='lat' dir='ltr'>de</span> <span class='ocrx_word' id='word_1_117' title='bbox 886 1447 1093 1510; x_wconf 79' lang='lat' dir='ltr'>filiabus</span> <span class='ocrx_word' id='word_1_118' title='bbox 1117 1447 1296 1496; x_wconf 83' lang='lat' dir='ltr'><strong><em>Laban</em></strong></span> <span class='ocrx_word' id='word_1_119' title='bbox 1314 1447 1704 1510; x_wconf 72' lang='lat' dir='ltr'>frati-is&#39;tuae“?</span> 
     </span>
    </p>

    <p class='ocr_par' dir='ltr' id='par_1_4' title="bbox 327 1551 475 1577">
     <span class='ocr_line' id='line_1_17' title="bbox 327 1551 475 1577; baseline 0 -13"><span class='ocrx_word' id='word_1_120' title='bbox 327 1552 341 1577; x_wconf 91' lang='lat'>,</span> <span class='ocrx_word' id='word_1_121' title='bbox 463 1551 475 1564; x_wconf 90' lang='lat'>.</span> 
     </span>
    </p>
   </div>
   <div class='ocr_carea' id='block_1_4' title="bbox 206 1598 1704 1666">
    <p class='ocr_par' dir='ltr' id='par_1_5' title="bbox 206 1598 1704 1666">
     <span class='ocr_line' id='line_1_18' title="bbox 206 1598 1704 1666; baseline -0.001 -10"><span class='ocrx_word' id='word_1_122' title='bbox 206 1603 333 1656; x_wconf 74' lang='lat'>243.</span> <span class='ocrx_word' id='word_1_123' title='bbox 385 1599 589 1654; x_wconf 88' lang='lat' dir='ltr'>Littera</span> <span class='ocrx_word' id='word_1_124' title='bbox 616 1599 797 1655; x_wconf 86' lang='lat' dir='ltr'>facilis</span> <span class='ocrx_word' id='word_1_125' title='bbox 819 1600 1107 1656; x_wconf 89' lang='lat' dir='ltr'>intellectu</span> <span class='ocrx_word' id='word_1_126' title='bbox 1125 1608 1236 1666; x_wconf 90' lang='lat' dir='ltr'>est,</span> <span class='ocrx_word' id='word_1_127' title='bbox 1265 1601 1326 1654; x_wconf 91' lang='lat' dir='ltr'>in</span> <span class='ocrx_word' id='word_1_128' title='bbox 1346 1607 1546 1655; x_wconf 81' lang='lat' dir='ltr'>terram</span> <span class='ocrx_word' id='word_1_129' title='bbox 1568 1598 1704 1655; x_wconf 89' lang='lat' dir='ltr'>alie-</span> 
     </span>
    </p>
   </div>
   <div class='ocr_carea' id='block_1_5' title="bbox 90 1808 1712 2645">
    <p class='ocr_par' dir='ltr' id='par_1_6' title="bbox 90 1808 1712 2645">
     <span class='ocr_line' id='line_1_19' title="bbox 90 1808 1707 1881; baseline -0.001 -16"><span class='ocrx_word' id='word_1_130' title='bbox 90 1814 289 1865; x_wconf 85' lang='lat' dir='ltr'>vivere</span> <span class='ocrx_word' id='word_1_131' title='bbox 325 1810 574 1864; x_wconf 87' lang='lat' dir='ltr'>cernenti</span> <span class='ocrx_word' id='word_1_132' title='bbox 609 1817 719 1863; x_wconf 85' lang='lat' dir='ltr'>tam</span> <span class='ocrx_word' id='word_1_133' title='bbox 764 1808 1123 1880; x_wconf 87' lang='lat' dir='ltr'>pernitiosam</span> <span class='ocrx_word' id='word_1_134' title='bbox 1167 1809 1707 1881; x_wconf 82' lang='lat' dir='ltr'>transmigrationem</span> 
     </span>
     <span class='ocr_line' id='line_1_20' title="bbox 91 1883 1707 1955; baseline -0.001 -15"><span class='ocrx_word' id='word_1_135' title='bbox 91 1884 185 1940; x_wconf 86' lang='lat' dir='ltr'>vel</span> <span class='ocrx_word' id='word_1_136' title='bbox 208 1884 498 1939; x_wconf 82' lang='lat' dir='ltr'>excidium</span> <span class='ocrx_word' id='word_1_137' title='bbox 514 1891 703 1955; x_wconf 85' lang='lat' dir='ltr'>utpote</span> <span class='ocrx_word' id='word_1_138' title='bbox 723 1884 966 1939; x_wconf 80' lang='lat' dir='ltr'>civitatis</span> <span class='ocrx_word' id='word_1_139' title='bbox 982 1923 1011 1947; x_wconf 63' lang='grc'>,,</span> <span class='ocrx_word' id='word_1_140' title='bbox 1039 1883 1145 1938; x_wconf 86' lang='lat' dir='ltr'>hoc</span> <span class='ocrx_word' id='word_1_141' title='bbox 1164 1892 1271 1947; x_wconf 87' lang='lat' dir='ltr'>est,</span> <span class='ocrx_word' id='word_1_142' title='bbox 1316 1884 1531 1939; x_wconf 84' lang='lat' dir='ltr'>animae</span> <span class='ocrx_word' id='word_1_143' title='bbox 1551 1883 1707 1940; x_wconf 90' lang='lat' dir='ltr'>obsi-</span> 
     </span>
     <span class='ocr_line' id='line_1_21' title="bbox 91 1957 1702 2030; baseline -0.001 -15"><span class='ocrx_word' id='word_1_144' title='bbox 91 1960 279 2015; x_wconf 89' lang='lat' dir='ltr'>dium.</span> <span class='ocrx_word' id='word_1_145' title='bbox 360 1958 636 2013; x_wconf 81' lang='lat' dir='ltr'>Naturalis</span> <span class='ocrx_word' id='word_1_146' title='bbox 662 1974 900 2030; x_wconf 83' lang='lat' dir='ltr'>namque</span> <span class='ocrx_word' id='word_1_147' title='bbox 928 1957 1094 2012; x_wconf 86' lang='lat' dir='ltr'>frater</span> <span class='ocrx_word' id='word_1_148' title='bbox 1113 1958 1397 2013; x_wconf 86' lang='lat' dir='ltr'>ultroneus</span> <span class='ocrx_word' id='word_1_149' title='bbox 1418 1959 1702 2023; x_wconf 77' lang='lat' dir='ltr'>inimicuS,</span> 
     </span>
     <span class='ocr_line' id='line_1_22' title="bbox 92 2031 1708 2106; baseline -0.001 -18"><span class='ocrx_word' id='word_1_150' title='bbox 92 2053 123 2088; x_wconf 92' lang='lat' dir='ltr'>a</span> <span class='ocrx_word' id='word_1_151' title='bbox 142 2033 429 2106; x_wconf 89' lang='lat' dir='ltr'>principio</span> <span class='ocrx_word' id='word_1_152' title='bbox 449 2032 705 2088; x_wconf 87' lang='lat' dir='ltr'>detentus</span> <span class='ocrx_word' id='word_1_153' title='bbox 723 2032 852 2089; x_wconf 85' lang='lat' dir='ltr'>odio</span> <span class='ocrx_word' id='word_1_154' title='bbox 871 2031 1197 2088; x_wconf 88' lang='lat' dir='ltr'>clementiae</span> <span class='ocrx_word' id='word_1_155' title='bbox 1210 2073 1224 2097; x_wconf 87' lang='lat'>‚</span> <span class='ocrx_word' id='word_1_156' title='bbox 1256 2049 1547 2103; x_wconf 84' lang='lat' dir='ltr'>perversas</span> <span class='ocrx_word' id='word_1_157' title='bbox 1569 2034 1708 2089; x_wconf 84' lang='lat' dir='ltr'>arri-</span> 
     </span>
     <span class='ocr_line' id='line_1_23' title="bbox 93 2107 1707 2180; baseline -0.002 -16"><span class='ocrx_word' id='word_1_158' title='bbox 93 2110 221 2180; x_wconf 88' lang='lat' dir='ltr'>puit</span> <span class='ocrx_word' id='word_1_159' title='bbox 259 2108 412 2172; x_wconf 73' lang='lat' dir='ltr'>vias,</span> <span class='ocrx_word' id='word_1_160' title='bbox 450 2107 683 2162; x_wconf 67' lang='lat' dir='ltr'>,directo</span> <span class='ocrx_word' id='word_1_161' title='bbox 719 2108 920 2163; x_wconf 88' lang='lat' dir='ltr'>itinere</span> <span class='ocrx_word' id='word_1_162' title='bbox 958 2108 1131 2162; x_wconf 87' lang='lat' dir='ltr'>vitato</span> <span class='ocrx_word' id='word_1_163' title='bbox 1168 2115 1222 2165; x_wconf 86' lang='lat' dir='ltr'>et</span> <span class='ocrx_word' id='word_1_164' title='bbox 1260 2107 1707 2163; x_wconf 87' lang='lat' dir='ltr'>mansuetudinis</span> 
     </span>
     <span class='ocr_line' id='line_1_24' title="bbox 94 2181 1710 2247; baseline -0.001 -10"><span class='ocrx_word' id='word_1_165' title='bbox 94 2184 402 2247; x_wconf 85' lang='lat' dir='ltr'>alienatus,</span> <span class='ocrx_word' id='word_1_166' title='bbox 452 2181 750 2239; x_wconf 85' lang='lat' dir='ltr'>ferocitatis</span> <span class='ocrx_word' id='word_1_167' title='bbox 789 2182 972 2237; x_wconf 81' lang='lat' dir='ltr'>extitit</span> <span class='ocrx_word' id='word_1_168' title='bbox 1006 2181 1505 2247; x_wconf 83' lang='lat' dir='ltr'>familiarissimus,</span> <span class='ocrx_word' id='word_1_169' title='bbox 1556 2182 1710 2236; x_wconf 89' lang='lat' dir='ltr'>iner-</span> 
     </span>
     <span class='ocr_line' id='line_1_25' title="bbox 94 2256 1707 2330; baseline -0.001 -18"><span class='ocrx_word' id='word_1_170' title='bbox 94 2260 234 2312; x_wconf 88' lang='lat' dir='ltr'>tiam</span> <span class='ocrx_word' id='word_1_171' title='bbox 254 2257 584 2330; x_wconf 80' lang='lat' dir='ltr'>vegetando.</span> <span class='ocrx_word' id='word_1_172' title='bbox 608 2265 662 2312; x_wconf 88' lang='lat' dir='ltr'>et</span> <span class='ocrx_word' id='word_1_173' title='bbox 671 2265 839 2312; x_wconf 85' lang='lat' dir='ltr'>totam</span> <span class='ocrx_word' id='word_1_174' title='bbox 859 2264 1100 2311; x_wconf 88' lang='lat' dir='ltr'>mentem</span> <span class='ocrx_word' id='word_1_175' title='bbox 1121 2256 1284 2311; x_wconf 86' lang='lat' dir='ltr'>furiis</span> <span class='ocrx_word' id='word_1_176' title='bbox 1304 2256 1707 2311; x_wconf 89' lang='lat' dir='ltr'>desideriorum</span> 
     </span>
     <span class='ocr_line' id='line_1_26' title="bbox 95 2330 1710 2404; baseline -0.001 -17"><span class='ocrx_word' id='word_1_177' title='bbox 95 2333 314 2404; x_wconf 89' lang='lat' dir='ltr'>iniquis</span> <span class='ocrx_word' id='word_1_178' title='bbox 334 2341 569 2388; x_wconf 80' lang='lat' dir='ltr'>venatus</span> <span class='ocrx_word' id='word_1_179' title='bbox 589 2330 780 2403; x_wconf 68' lang='lat' dir='ltr'>(mai-9.</span> <span class='ocrx_word' id='word_1_180' title='bbox 802 2330 1155 2403; x_wconf 83' lang='lat' dir='ltr'>venenatus),</span> <span class='ocrx_word' id='word_1_181' title='bbox 1198 2348 1257 2386; x_wconf 85' lang='lat' dir='ltr'>se</span> <span class='ocrx_word' id='word_1_182' title='bbox 1278 2331 1537 2404; x_wconf 82' lang='lat' dir='ltr'>religavit</span> <span class='ocrx_word' id='word_1_183' title='bbox 1557 2339 1710 2385; x_wconf 87' lang='lat' dir='ltr'>astu-</span> 
     </span>
     <span class='ocr_line' id='line_1_27' title="bbox 97 2408 215 2461; baseline -0.017 0"><span class='ocrx_word' id='word_1_184' title='bbox 97 2408 215 2461; x_wconf 88' lang='lat' dir='ltr'>tiis.</span> 
     </span>
     <span class='ocr_line' id='line_1_28' title="bbox 103 2512 1709 2585; baseline -0.003 -22"><span class='ocrx_word' id='word_1_185' title='bbox 103 2512 268 2571; x_wconf 80' lang='lat' dir='ltr'>Quare</span> <span class='ocrx_word' id='word_1_186' title='bbox 302 2515 456 2577; x_wconf 78' lang='lat' dir='ltr'>inquit</span> <span class='ocrx_word' id='word_1_187' title='bbox 482 2524 628 2578; x_wconf 81' lang='lat' dir='ltr'>pater</span> <span class='ocrx_word' id='word_1_188' title='bbox 667 2514 820 2564; x_wconf 78' lang='lat' dir='ltr'>illius.-</span> <span class='ocrx_word' id='word_1_189' title='bbox 873 2513 1139 2584; x_wconf 67' lang='lat' dir='ltr'>„Surqens</span> <span class='ocrx_word' id='word_1_190' title='bbox 1169 2515 1297 2585; x_wconf 76' lang='lat' dir='ltr'>suqe</span> <span class='ocrx_word' id='word_1_191' title='bbox 1338 2514 1387 2563; x_wconf 78' lang='lat' dir='ltr'>in</span> <span class='ocrx_word' id='word_1_192' title='bbox 1428 2512 1709 2575; x_wconf 76' lang='lat' dir='ltr'>Mesopota-</span> 
     </span>
     <span class='ocr_line' id='line_1_29' title="bbox 231 2580 1712 2645; baseline -0.003 -16"><span class='ocrx_word' id='word_1_193' title='bbox 231 2581 376 2629; x_wconf 85' lang='lat' dir='ltr'>miam</span> <span class='ocrx_word' id='word_1_194' title='bbox 408 2581 460 2630; x_wconf 80' lang='lat' dir='ltr'>in</span> <span class='ocrx_word' id='word_1_195' title='bbox 494 2581 678 2630; x_wconf 81' lang='lat' dir='ltr'>domum</span> <span class='ocrx_word' id='word_1_196' title='bbox 712 2580 931 2631; x_wconf 78' lang='lat' dir='ltr'>Batlmel</span> <span class='ocrx_word' id='word_1_197' title='bbox 952 2582 1115 2645; x_wconf 75' lang='lat' dir='ltr'>patria</span> <span class='ocrx_word' id='word_1_198' title='bbox 1148 2582 1314 2630; x_wconf 77' lang='lat' dir='ltr'>matria</span> <span class='ocrx_word' id='word_1_199' title='bbox 1348 2594 1501 2640; x_wconf 87' lang='lat' dir='ltr'>meae,</span> <span class='ocrx_word' id='word_1_200' title='bbox 1548 2587 1595 2626; x_wconf 80' lang='lat' dir='ltr'>et</span> <span class='ocrx_word' id='word_1_201' title='bbox 1632 2593 1712 2625; x_wconf 85' lang='lat' dir='ltr'>ac-</span> 
     </span>
    </p>
   </div>
   <div class='ocr_carea' id='block_1_6' title="bbox 234 2643 1714 2764">
    <p class='ocr_par' dir='ltr' id='par_1_7' title="bbox 234 2643 1714 2764">
     <span class='ocr_line' id='line_1_30' title="bbox 234 2643 1714 2763; baseline -0.009 -60"><span class='ocrx_word' id='word_1_202' title='bbox 234 2648 340 2711; x_wconf 66' lang='lat' dir='ltr'>cipe</span> <span class='ocrx_word' id='word_1_203' title='bbox 365 2648 482 2763; x_wconf 52' lang='lat' dir='ltr'>‘ghi</span> <span class='ocrx_word' id='word_1_204' title='bbox 531 2665 724 2698; x_wconf 78' lang='lat' dir='ltr'>uxorem</span> <span class='ocrx_word' id='word_1_205' title='bbox 775 2666 810 2698; x_wconf 85' lang='lat' dir='ltr'>a</span> <span class='ocrx_word' id='word_1_206' title='bbox 845 2648 1052 2710; x_wconf 71' lang='lat' dir='ltr'>filiabus</span> <span class='ocrx_word' id='word_1_207' title='bbox 1103 2648 1283 2697; x_wconf 82' lang='lat' dir='ltr'>Laban</span> <span class='ocrx_word' id='word_1_208' title='bbox 1323 2645 1505 2710; x_wconf 73' lang='lat' dir='ltr'>fratris</span> <span class='ocrx_word' id='word_1_209' title='bbox 1546 2643 1714 2692; x_wconf 76' lang='lat' dir='ltr'>matris</span> 
     </span>
     <span class='ocr_line' id='line_1_31' title="bbox 236 2726 347 2764; baseline -0.018 1"><span class='ocrx_word' id='word_1_210' title='bbox 236 2726 347 2764; x_wconf 70' lang='lat' dir='ltr'>tuae</span> 
     </span>
    </p>
   </div>
   <div class='ocr_carea' id='block_1_7' title="bbox 174 2779 1713 2925">
    <p class='ocr_par' dir='ltr' id='par_1_8' title="bbox 174 2779 1713 2925">
     <span class='ocr_line' id='line_1_32' title="bbox 174 2779 1713 2925; baseline -0.006 -70"><span class='ocrx_word' id='word_1_211' title='bbox 174 2779 332 2922; x_wconf 45' lang='lat' dir='ltr'>P2‘43.</span> <span class='ocrx_word' id='word_1_212' title='bbox 372 2800 798 2925; x_wconf 43' lang='lat' dir='ltr'>Pazrsnorationis</span> <span class='ocrx_word' id='word_1_213' title='bbox 823 2801 884 2855; x_wconf 93' lang='lat' dir='ltr'>in</span> <span class='ocrx_word' id='word_1_214' title='bbox 912 2807 1145 2870; x_wconf 89' lang='lat' dir='ltr'>utroque</span> <span class='ocrx_word' id='word_1_215' title='bbox 1165 2796 1482 2917; x_wconf 49' lang='grc' dir='ltr'>Ρθιῑῖξιὶῐῑετθ</span> <span class='ocrx_word' id='word_1_216' title='bbox 1503 2800 1713 2864; x_wconf 84' lang='lat' dir='ltr'>patrem</span> 
     </span>
     <span class='ocr_line' id='line_1_33' title="bbox 233 2881 1020 2924; baseline -0.003 -1"><span class='ocrx_word' id='word_1_217' title='bbox 233 2887 405 2923; x_wconf 72' lang='lat' dir='ltr'>uino</span> <span class='ocrx_word' id='word_1_218' title='bbox 551 2911 564 2924; x_wconf 99' lang='lat'>.</span> <span class='ocrx_word' id='word_1_219' title='bbox 1009 2881 1020 2888; x_wconf 47' lang='lat' dir='ltr'><strong><em>f</em></strong></span> 
     </span>
    </p>
   </div>
  </div>
 </body>
</html>
