<?xml version="1.0" encoding="UTF-8"?>
<!DOCTYPE html PUBLIC "-//W3C//DTD XHTML 1.0 Transitional//EN"
    "http://www.w3.org/TR/xhtml1/DTD/xhtml1-transitional.dtd">
<html xmlns="http://www.w3.org/1999/xhtml" xml:lang="en" lang="en">
 <head>
  <title>
</title>
<meta http-equiv="Content-Type" content="text/html;charset=utf-8" />
  <meta name='ocr-system' content='tesseract 3.04.00' />
  <meta name='ocr-capabilities' content='ocr_page ocr_carea ocr_par ocr_line ocrx_word'/>
</head>
<body>
  <div class='ocr_page' id='page_1' title='image "./operaomniaadlib02philgoog/operaomniaadlib02philgoog_0343.png"; bbox 0 0 2050 3100; ppageno 0'>
   <div class='ocr_carea' id='block_1_1' title="bbox 202 170 999 241">
    <p class='ocr_par' dir='ltr' id='par_1_1' title="bbox 202 170 999 241">
     <span class='ocr_line' id='line_1_1' title="bbox 202 170 999 241; baseline -0.011 -10"><span class='ocrx_word' id='word_1_1' title='bbox 202 178 250 231; x_wconf 73' lang='lat'>328</span> <span class='ocrx_word' id='word_1_2' title='bbox 310 180 409 227; x_wconf 69' lang='lat' dir='ltr'>snm.</span> <span class='ocrx_word' id='word_1_3' title='bbox 430 180 506 227; x_wconf 89' lang='lat' dir='ltr'><strong>IUD.</strong></span> <span class='ocrx_word' id='word_1_4' title='bbox 528 179 690 238; x_wconf 71' lang='lat' dir='ltr'>Qudnam.</span> <span class='ocrx_word' id='word_1_5' title='bbox 710 179 760 225; x_wconf 83' lang='grc' dir='ltr'>ΕΤ</span> <span class='ocrx_word' id='word_1_6' title='bbox 779 179 861 226; x_wconf 69' lang='lat'><strong>301..</strong></span> <span class='ocrx_word' id='word_1_7' title='bbox 879 170 999 241; x_wconf 76' lang='lat'><strong>[11,48⁰.]</strong></span> 
     </span>
    </p>
   </div>
   <div class='ocr_carea' id='block_1_2' title="bbox 200 278 999 412">
    <p class='ocr_par' dir='ltr' id='par_1_2' title="bbox 200 278 999 412">
     <span class='ocr_line' id='line_1_2' title="bbox 201 278 999 337; baseline -0.01 0"><span class='ocrx_word' id='word_1_8' title='bbox 201 282 307 337; x_wconf 85' lang='lat' dir='ltr'>oblatae</span> <span class='ocrx_word' id='word_1_9' title='bbox 327 278 463 335; x_wconf 81' lang='lat' dir='ltr'>indicium</span> <span class='ocrx_word' id='word_1_10' title='bbox 481 289 524 335; x_wconf 85' lang='lat' dir='ltr'>est</span> <span class='ocrx_word' id='word_1_11' title='bbox 541 281 649 336; x_wconf 86' lang='lat' dir='ltr'>animae</span> <span class='ocrx_word' id='word_1_12' title='bbox 668 279 721 335; x_wconf 88' lang='lat' dir='ltr'>deo</span> <span class='ocrx_word' id='word_1_13' title='bbox 742 287 932 336; x_wconf 85' lang='lat' dir='ltr'>eonsecratae:</span> <span class='ocrx_word' id='word_1_14' title='bbox 973 282 999 331; x_wconf 86' lang='lat' dir='ltr'>at</span> 
     </span>
     <span class='ocr_line' id='line_1_3' title="bbox 200 354 566 412; baseline -0.003 -1"><span class='ocrx_word' id='word_1_15' title='bbox 200 357 316 412; x_wconf 86' lang='lat' dir='ltr'>miseere</span> <span class='ocrx_word' id='word_1_16' title='bbox 334 356 460 410; x_wconf 88' lang='lat' dir='ltr'>immixta</span> <span class='ocrx_word' id='word_1_17' title='bbox 479 354 566 410; x_wconf 87' lang='lat' dir='ltr'>naias.</span> 
     </span>
    </p>
   </div>
   <div class='ocr_carea' id='block_1_3' title="bbox 264 494 939 629">
    <p class='ocr_par' dir='ltr' id='par_1_3' title="bbox 264 494 939 629">
     <span class='ocr_line' id='line_1_4' title="bbox 264 494 939 561; baseline -0.003 -14"><span class='ocrx_word' id='word_1_18' title='bbox 264 494 329 553; x_wconf 77' lang='lat' dir='ltr'>Quid</span> <span class='ocrx_word' id='word_1_19' title='bbox 344 506 378 547; x_wconf 82' lang='lat' dir='ltr'>est</span> <span class='ocrx_word' id='word_1_20' title='bbox 394 494 475 561; x_wconf 84' lang='lat' dir='ltr'>„Noa</span> <span class='ocrx_word' id='word_1_21' title='bbox 493 496 592 547; x_wconf 68' lang='grc' dir='ltr'>ὼνωίιε</span> <span class='ocrx_word' id='word_1_22' title='bbox 608 496 684 561; x_wconf 77' lang='lat' dir='ltr'>odepa</span> <span class='ocrx_word' id='word_1_23' title='bbox 699 496 854 547; x_wconf 66' lang='lat' dir='ltr'>solemnitates</span> <span class='ocrx_word' id='word_1_24' title='bbox 870 512 939 545; x_wconf 78' lang='lat' dir='ltr'>meos</span> 
     </span>
     <span class='ocr_line' id='line_1_5' title="bbox 430 564 765 629; baseline -0.003 -16"><span class='ocrx_word' id='word_1_25' title='bbox 430 580 503 629; x_wconf 81' lang='lat' dir='ltr'>aeque</span> <span class='ocrx_word' id='word_1_26' title='bbox 522 564 557 613; x_wconf 85' lang='lat' dir='ltr'>ad</span> <span class='ocrx_word' id='word_1_27' title='bbox 571 568 680 613; x_wconf 78' lang='lat' dir='ltr'>moae“i</span> <span class='ocrx_word' id='word_1_28' title='bbox 706 564 765 624; x_wconf 87' lang='lat' dir='ltr'>(ib.)</span> 
     </span>
    </p>
   </div>
   <div class='ocr_carea' id='block_1_4' title="bbox 201 655 999 2007">
    <p class='ocr_par' dir='ltr' id='par_1_4' title="bbox 201 655 999 2007">
     <span class='ocr_line' id='line_1_6' title="bbox 259 655 997 728; baseline -0.003 -17"><span class='ocrx_word' id='word_1_29' title='bbox 259 660 300 712; x_wconf 81' lang='lat' dir='ltr'>lt.</span> <span class='ocrx_word' id='word_1_30' title='bbox 324 657 426 713; x_wconf 87' lang='lat' dir='ltr'>Littera</span> <span class='ocrx_word' id='word_1_31' title='bbox 440 658 549 711; x_wconf 85' lang='lat' dir='ltr'>iussum</span> <span class='ocrx_word' id='word_1_32' title='bbox 561 655 609 711; x_wconf 92' lang='lat' dir='ltr'>dat</span> <span class='ocrx_word' id='word_1_33' title='bbox 622 655 732 728; x_wconf 85' lang='lat' dir='ltr'>adipem</span> <span class='ocrx_word' id='word_1_34' title='bbox 746 672 780 711; x_wconf 93' lang='lat' dir='ltr'>eo</span> <span class='ocrx_word' id='word_1_35' title='bbox 796 656 843 711; x_wconf 89' lang='lat' dir='ltr'>die</span> <span class='ocrx_word' id='word_1_36' title='bbox 860 656 997 718; x_wconf 69' lang='lat' dir='ltr'>transumi,</span> 
     </span>
     <span class='ocr_line' id='line_1_7' title="bbox 201 731 998 804; baseline -0.004 -17"><span class='ocrx_word' id='word_1_37' title='bbox 201 733 314 787; x_wconf 89' lang='lat' dir='ltr'>materia</span> <span class='ocrx_word' id='word_1_38' title='bbox 328 731 398 787; x_wconf 85' lang='lat' dir='ltr'>laeta</span> <span class='ocrx_word' id='word_1_39' title='bbox 411 731 507 787; x_wconf 89' lang='lat' dir='ltr'>divino</span> <span class='ocrx_word' id='word_1_40' title='bbox 520 732 591 804; x_wconf 82' lang='lat' dir='ltr'><strong>igni.</strong></span> <span class='ocrx_word' id='word_1_41' title='bbox 629 731 672 786; x_wconf 78' lang='lat' dir='ltr'>Ad</span> <span class='ocrx_word' id='word_1_42' title='bbox 690 739 810 787; x_wconf 78' lang='lat' dir='ltr'>mentem</span> <span class='ocrx_word' id='word_1_43' title='bbox 822 748 890 787; x_wconf 83' lang='lat' dir='ltr'>vero</span> <span class='ocrx_word' id='word_1_44' title='bbox 909 731 998 803; x_wconf 88' lang='lat' dir='ltr'>adipis</span> 
     </span>
     <span class='ocr_line' id='line_1_8' title="bbox 201 806 997 880; baseline -0.003 -18"><span class='ocrx_word' id='word_1_45' title='bbox 201 816 296 862; x_wconf 89' lang='lat' dir='ltr'>natura</span> <span class='ocrx_word' id='word_1_46' title='bbox 311 806 508 880; x_wconf 81' lang='lat' dir='ltr'>pinguedinem</span> <span class='ocrx_word' id='word_1_47' title='bbox 522 812 642 877; x_wconf 76' lang='lat' dir='ltr'><strong>praestat</strong></span> <span class='ocrx_word' id='word_1_48' title='bbox 651 806 807 862; x_wconf 85' lang='lat' dir='ltr'>viseeribus</span> <span class='ocrx_word' id='word_1_49' title='bbox 816 809 997 877; x_wconf 85' lang='lat' dir='ltr'>eaeterisque,</span> 
     </span>
     <span class='ocr_line' id='line_1_9' title="bbox 201 881 999 954; baseline -0.004 -17"><span class='ocrx_word' id='word_1_50' title='bbox 201 898 272 953; x_wconf 88' lang='lat' dir='ltr'>quae</span> <span class='ocrx_word' id='word_1_51' title='bbox 282 881 456 938; x_wconf 79' lang='lat' dir='ltr'>circumdans</span> <span class='ocrx_word' id='word_1_52' title='bbox 466 883 629 937; x_wconf 72' lang='lat' dir='ltr'>oodroetsua</span> <span class='ocrx_word' id='word_1_53' title='bbox 638 881 810 954; x_wconf 77' lang='lat' dir='ltr'>pinguedine</span> <span class='ocrx_word' id='word_1_54' title='bbox 819 882 999 953; x_wconf 82' lang='lat' dir='ltr'>inperpetui-</span> 
     </span>
     <span class='ocr_line' id='line_1_10' title="bbox 202 956 998 1029; baseline -0.005 -16"><span class='ocrx_word' id='word_1_55' title='bbox 202 964 298 1022; x_wconf 85' lang='lat' dir='ltr'>tatem,</span> <span class='ocrx_word' id='word_1_56' title='bbox 320 974 354 1012; x_wconf 87' lang='lat' dir='ltr'>na</span> <span class='ocrx_word' id='word_1_57' title='bbox 369 972 494 1013; x_wconf 80' lang='lat' dir='ltr'>arescens</span> <span class='ocrx_word' id='word_1_58' title='bbox 509 956 635 1012; x_wconf 75' lang='lat' dir='ltr'>celeriter</span> <span class='ocrx_word' id='word_1_59' title='bbox 654 956 833 1021; x_wconf 85' lang='lat' dir='ltr'>dissolvatur,</span> <span class='ocrx_word' id='word_1_60' title='bbox 863 958 934 1029; x_wconf 85' lang='lat' dir='ltr'>quia</span> <span class='ocrx_word' id='word_1_61' title='bbox 952 957 998 1028; x_wconf 92' lang='lat' dir='ltr'>qui</span> 
     </span>
     <span class='ocr_line' id='line_1_11' title="bbox 202 1030 998 1105; baseline -0.001 -19"><span class='ocrx_word' id='word_1_62' title='bbox 202 1033 395 1088; x_wconf 80' lang='lat' dir='ltr'>humiditatem</span> <span class='ocrx_word' id='word_1_63' title='bbox 405 1032 585 1105; x_wconf 84' lang='lat' dir='ltr'>pinguedinis</span> <span class='ocrx_word' id='word_1_64' title='bbox 596 1030 691 1095; x_wconf 84' lang='lat' dir='ltr'>habet,</span> <span class='ocrx_word' id='word_1_65' title='bbox 713 1039 853 1103; x_wconf 85' lang='lat' dir='ltr'>tamquam</span> <span class='ocrx_word' id='word_1_66' title='bbox 864 1033 944 1100; x_wconf 82' lang='lat' dir='ltr'>vitali</span> <span class='ocrx_word' id='word_1_67' title='bbox 960 1032 998 1086; x_wconf 90' lang='lat' dir='ltr'>oi·</span> 
     </span>
     <span class='ocr_line' id='line_1_12' title="bbox 202 1106 998 1180; baseline -0.003 -17"><span class='ocrx_word' id='word_1_68' title='bbox 202 1108 330 1164; x_wconf 85' lang='lat' dir='ltr'>boalitur</span> <span class='ocrx_word' id='word_1_69' title='bbox 338 1107 515 1163; x_wconf 84' lang='lat' dir='ltr'>humiditate.</span> <span class='ocrx_word' id='word_1_70' title='bbox 549 1106 613 1163; x_wconf 85' lang='lat' dir='ltr'>Vult</span> <span class='ocrx_word' id='word_1_71' title='bbox 622 1107 715 1177; x_wconf 82' lang='lat' dir='ltr'>itaque</span> <span class='ocrx_word' id='word_1_72' title='bbox 724 1124 774 1179; x_wconf 89' lang='lat' dir='ltr'>per</span> <span class='ocrx_word' id='word_1_73' title='bbox 783 1106 943 1180; x_wconf 81' lang='lat' dir='ltr'>symbolum</span> <span class='ocrx_word' id='word_1_74' title='bbox 952 1107 998 1161; x_wconf 86' lang='lat' dir='ltr'>de·</span> 
     </span>
     <span class='ocr_line' id='line_1_13' title="bbox 203 1182 997 1255; baseline -0.004 -16"><span class='ocrx_word' id='word_1_75' title='bbox 203 1184 319 1247; x_wconf 83' lang='lat' dir='ltr'>clarore,</span> <span class='ocrx_word' id='word_1_76' title='bbox 340 1182 415 1254; x_wconf 91' lang='lat' dir='ltr'>quod</span> <span class='ocrx_word' id='word_1_77' title='bbox 424 1183 513 1238; x_wconf 88' lang='lat' dir='ltr'>omnis</span> <span class='ocrx_word' id='word_1_78' title='bbox 525 1182 628 1245; x_wconf 86' lang='lat' dir='ltr'>anima,</span> <span class='ocrx_word' id='word_1_79' title='bbox 649 1197 734 1252; x_wconf 89' lang='lat' dir='ltr'>quam</span> <span class='ocrx_word' id='word_1_80' title='bbox 748 1183 836 1253; x_wconf 85' lang='lat' dir='ltr'>pietas</span> <span class='ocrx_word' id='word_1_81' title='bbox 851 1182 997 1255; x_wconf 84' lang='lat' dir='ltr'>pingnela·</span> 
     </span>
     <span class='ocr_line' id='line_1_14' title="bbox 204 1257 997 1331; baseline -0.005 -18"><span class='ocrx_word' id='word_1_82' title='bbox 204 1260 250 1323; x_wconf 82' lang='lat' dir='ltr'>eit,</span> <span class='ocrx_word' id='word_1_83' title='bbox 262 1276 312 1313; x_wconf 89' lang='lat' dir='ltr'>sua</span> <span class='ocrx_word' id='word_1_84' title='bbox 322 1260 438 1331; x_wconf 85' lang='lat' dir='ltr'>mystica</span> <span class='ocrx_word' id='word_1_85' title='bbox 448 1258 600 1328; x_wconf 85' lang='lat' dir='ltr'>divinaque</span> <span class='ocrx_word' id='word_1_86' title='bbox 611 1257 713 1327; x_wconf 82' lang='lat' dir='ltr'>pietate</span> <span class='ocrx_word' id='word_1_87' title='bbox 722 1257 857 1311; x_wconf 91' lang='lat' dir='ltr'>insomnis</span> <span class='ocrx_word' id='word_1_88' title='bbox 867 1266 910 1313; x_wconf 89' lang='lat' dir='ltr'>est</span> <span class='ocrx_word' id='word_1_89' title='bbox 920 1265 948 1313; x_wconf 89' lang='lat' dir='ltr'>et</span> <span class='ocrx_word' id='word_1_90' title='bbox 956 1257 997 1310; x_wconf 88' lang='lat' dir='ltr'>vi-</span> 
     </span>
     <span class='ocr_line' id='line_1_15' title="bbox 203 1332 996 1407; baseline -0.003 -20"><span class='ocrx_word' id='word_1_91' title='bbox 203 1334 295 1407; x_wconf 79' lang='lat' dir='ltr'>gilans</span> <span class='ocrx_word' id='word_1_92' title='bbox 305 1332 339 1388; x_wconf 90' lang='lat' dir='ltr'>ad</span> <span class='ocrx_word' id='word_1_93' title='bbox 349 1334 485 1388; x_wconf 90' lang='lat' dir='ltr'>visionem</span> <span class='ocrx_word' id='word_1_94' title='bbox 494 1334 558 1387; x_wconf 91' lang='lat' dir='ltr'>visu</span> <span class='ocrx_word' id='word_1_95' title='bbox 568 1332 725 1405; x_wconf 75' lang='lat' dir='ltr'>dignorum.</span> <span class='ocrx_word' id='word_1_96' title='bbox 753 1333 897 1387; x_wconf 85' lang='lat' dir='ltr'>Transitus</span> <span class='ocrx_word' id='word_1_97' title='bbox 909 1341 996 1387; x_wconf 87' lang='lat' dir='ltr'>autem</span> 
     </span>
     <span class='ocr_line' id='line_1_16' title="bbox 202 1406 996 1481; baseline -0.003 -18"><span class='ocrx_word' id='word_1_98' title='bbox 202 1410 256 1463; x_wconf 85' lang='lat' dir='ltr'>isto</span> <span class='ocrx_word' id='word_1_99' title='bbox 265 1406 387 1481; x_wconf 80' lang='lat' dir='ltr'>(Pascha)</span> <span class='ocrx_word' id='word_1_100' title='bbox 398 1409 504 1463; x_wconf 90' lang='lat' dir='ltr'>animae</span> <span class='ocrx_word' id='word_1_101' title='bbox 513 1406 672 1462; x_wconf 86' lang='lat' dir='ltr'>solemnitas</span> <span class='ocrx_word' id='word_1_102' title='bbox 682 1414 724 1463; x_wconf 85' lang='lat' dir='ltr'>est</span> <span class='ocrx_word' id='word_1_103' title='bbox 732 1415 760 1461; x_wconf 91' lang='lat' dir='ltr'>et</span> <span class='ocrx_word' id='word_1_104' title='bbox 769 1406 901 1462; x_wconf 78' lang='lat' dir='ltr'>festorum</span> <span class='ocrx_word' id='word_1_105' title='bbox 910 1407 996 1462; x_wconf 83' lang='lat' dir='ltr'>maxi·</span> 
     </span>
     <span class='ocr_line' id='line_1_17' title="bbox 203 1481 993 1556; baseline -0.003 -20"><span class='ocrx_word' id='word_1_106' title='bbox 203 1500 293 1547; x_wconf 84' lang='lat' dir='ltr'>mum,</span> <span class='ocrx_word' id='word_1_107' title='bbox 311 1490 420 1555; x_wconf 86' lang='lat' dir='ltr'>tempus</span> <span class='ocrx_word' id='word_1_108' title='bbox 430 1499 511 1537; x_wconf 86' lang='lat' dir='ltr'>veras</span> <span class='ocrx_word' id='word_1_109' title='bbox 521 1482 654 1545; x_wconf 84' lang='lat' dir='ltr'>laetitiae,</span> <span class='ocrx_word' id='word_1_110' title='bbox 668 1498 817 1554; x_wconf 87' lang='lat' dir='ltr'>quamnon</span> <span class='ocrx_word' id='word_1_111' title='bbox 827 1498 934 1538; x_wconf 86' lang='lat' dir='ltr'>merum</span> <span class='ocrx_word' id='word_1_112' title='bbox 944 1481 993 1556; x_wconf 81' lang='lat' dir='ltr'>(vi-</span> 
     </span>
     <span class='ocr_line' id='line_1_18' title="bbox 203 1557 992 1630; baseline 0 -18"><span class='ocrx_word' id='word_1_113' title='bbox 203 1557 293 1630; x_wconf 79' lang='lat' dir='ltr'>num),</span> <span class='ocrx_word' id='word_1_114' title='bbox 314 1557 364 1612; x_wconf 89' lang='lat' dir='ltr'>sed</span> <span class='ocrx_word' id='word_1_115' title='bbox 379 1557 470 1613; x_wconf 88' lang='lat' dir='ltr'>sobria</span> <span class='ocrx_word' id='word_1_116' title='bbox 485 1559 621 1629; x_wconf 87' lang='lat' dir='ltr'>sapientia</span> <span class='ocrx_word' id='word_1_117' title='bbox 630 1557 705 1613; x_wconf 85' lang='lat' dir='ltr'>feeit.</span> <span class='ocrx_word' id='word_1_118' title='bbox 743 1559 844 1613; x_wconf 86' lang='lat' dir='ltr'>Horum</span> <span class='ocrx_word' id='word_1_119' title='bbox 855 1559 931 1614; x_wconf 88' lang='lat' dir='ltr'>enim</span> <span class='ocrx_word' id='word_1_120' title='bbox 940 1559 992 1630; x_wconf 92' lang='lat' dir='ltr'>pri-</span> 
     </span>
     <span class='ocr_line' id='line_1_19' title="bbox 203 1631 992 1704; baseline 0.001 -18"><span class='ocrx_word' id='word_1_121' title='bbox 203 1649 279 1686; x_wconf 87' lang='lat' dir='ltr'>mum</span> <span class='ocrx_word' id='word_1_122' title='bbox 299 1631 439 1687; x_wconf 78' lang='lat' dir='ltr'>ebrietatis</span> <span class='ocrx_word' id='word_1_123' title='bbox 457 1640 484 1688; x_wconf 89' lang='lat' dir='ltr'>et</span> <span class='ocrx_word' id='word_1_124' title='bbox 502 1633 670 1704; x_wconf 84' lang='lat' dir='ltr'>petulantiae</span> <span class='ocrx_word' id='word_1_125' title='bbox 690 1649 772 1688; x_wconf 86' lang='lat' dir='ltr'>causa</span> <span class='ocrx_word' id='word_1_126' title='bbox 793 1640 847 1697; x_wconf 86' lang='lat' dir='ltr'>est,</span> <span class='ocrx_word' id='word_1_127' title='bbox 883 1635 992 1688; x_wconf 83' lang='lat' dir='ltr'>alterum</span> 
     </span>
     <span class='ocr_line' id='line_1_20' title="bbox 203 1705 991 1782; baseline -0.003 -21"><span class='ocrx_word' id='word_1_128' title='bbox 203 1724 267 1762; x_wconf 91' lang='lat' dir='ltr'>vero</span> <span class='ocrx_word' id='word_1_129' title='bbox 282 1705 435 1761; x_wconf 84' lang='lat' dir='ltr'>sobrietatis</span> <span class='ocrx_word' id='word_1_130' title='bbox 450 1715 477 1762; x_wconf 87' lang='lat' dir='ltr'>et</span> <span class='ocrx_word' id='word_1_131' title='bbox 490 1715 564 1762; x_wconf 83' lang='lat' dir='ltr'>reete</span> <span class='ocrx_word' id='word_1_132' title='bbox 577 1707 727 1782; x_wconf 80' lang='lat' dir='ltr'>peragendi</span> <span class='ocrx_word' id='word_1_133' title='bbox 742 1708 843 1764; x_wconf 88' lang='lat' dir='ltr'>omnia.</span> <span class='ocrx_word' id='word_1_134' title='bbox 883 1707 991 1774; x_wconf 87' lang='lat' dir='ltr'>Quodsi</span> 
     </span>
     <span class='ocr_line' id='line_1_21' title="bbox 203 1781 991 1855; baseline 0.001 -19"><span class='ocrx_word' id='word_1_135' title='bbox 203 1782 285 1836; x_wconf 87' lang='lat' dir='ltr'>etiam</span> <span class='ocrx_word' id='word_1_136' title='bbox 295 1781 480 1852; x_wconf 88' lang='lat' dir='ltr'>superveniet,</span> <span class='ocrx_word' id='word_1_137' title='bbox 492 1781 522 1836; x_wconf 90' lang='lat' dir='ltr'>id</span> <span class='ocrx_word' id='word_1_138' title='bbox 531 1783 607 1853; x_wconf 90' lang='lat' dir='ltr'>quod</span> <span class='ocrx_word' id='word_1_139' title='bbox 616 1791 783 1839; x_wconf 85' lang='lat' dir='ltr'>transactum</span> <span class='ocrx_word' id='word_1_140' title='bbox 793 1790 842 1848; x_wconf 83' lang='lat' dir='ltr'>est,</span> <span class='ocrx_word' id='word_1_141' title='bbox 850 1791 877 1838; x_wconf 91' lang='lat' dir='ltr'>et</span> <span class='ocrx_word' id='word_1_142' title='bbox 887 1781 991 1855; x_wconf 87' lang='lat' dir='ltr'>aliquod</span> 
     </span>
     <span class='ocr_line' id='line_1_22' title="bbox 203 1855 991 1929; baseline -0.001 -19"><span class='ocrx_word' id='word_1_143' title='bbox 203 1873 296 1911; x_wconf 88' lang='lat' dir='ltr'>semen</span> <span class='ocrx_word' id='word_1_144' title='bbox 309 1855 436 1921; x_wconf 83' lang='lat' dir='ltr'>mortale,</span> <span class='ocrx_word' id='word_1_145' title='bbox 457 1857 686 1929; x_wconf 86' lang='lat' dir='ltr'>improsperitatis</span> <span class='ocrx_word' id='word_1_146' title='bbox 699 1867 896 1923; x_wconf 76' lang='lat' dir='ltr'>ornamentum,</span> <span class='ocrx_word' id='word_1_147' title='bbox 918 1859 991 1914; x_wconf 87' lang='lat' dir='ltr'>idest</span> 
     </span>
     <span class='ocr_line' id='line_1_23' title="bbox 203 1932 802 2007; baseline 0.003 -22"><span class='ocrx_word' id='word_1_148' title='bbox 203 1932 302 1986; x_wconf 89' lang='lat' dir='ltr'>mentis</span> <span class='ocrx_word' id='word_1_149' title='bbox 311 1947 438 1997; x_wconf 87' lang='lat' dir='ltr'>somnus,</span> <span class='ocrx_word' id='word_1_150' title='bbox 459 1949 513 1987; x_wconf 92' lang='lat' dir='ltr'>non</span> <span class='ocrx_word' id='word_1_151' title='bbox 525 1932 802 2007; x_wconf 78' lang='lat' dir='ltr'>longiusdurabit*).</span> 
     </span>
    </p>
   </div>
   <div class='ocr_carea' id='block_1_5' title="bbox 201 2047 989 2568">
    <p class='ocr_par' dir='ltr' id='par_1_5' title="bbox 204 2047 989 2410">
     <span class='ocr_line' id='line_1_24' title="bbox 204 2047 988 2121; baseline 0.003 -17"><span class='ocrx_word' id='word_1_152' title='bbox 204 2054 241 2121; x_wconf 81' lang='lat'>[‘]</span> <span class='ocrx_word' id='word_1_153' title='bbox 271 2051 335 2110; x_wconf 75' lang='lat' dir='ltr'>Quid</span> <span class='ocrx_word' id='word_1_154' title='bbox 356 2064 390 2104; x_wconf 81' lang='lat' dir='ltr'>est</span> <span class='ocrx_word' id='word_1_155' title='bbox 411 2053 507 2119; x_wconf 80' lang='lat' dir='ltr'>„Quod</span> <span class='ocrx_word' id='word_1_156' title='bbox 528 2058 551 2108; x_wconf 80' lang='lat' dir='ltr'>si</span> <span class='ocrx_word' id='word_1_157' title='bbox 570 2058 686 2108; x_wconf 79' lang='lat' dir='ltr'>audiendo</span> <span class='ocrx_word' id='word_1_158' title='bbox 709 2047 812 2108; x_wconf 65' lang='lat' dir='ltr'>audieras</span> <span class='ocrx_word' id='word_1_159' title='bbox 829 2074 907 2107; x_wconf 83' lang='lat' dir='ltr'>vocem</span> <span class='ocrx_word' id='word_1_160' title='bbox 923 2073 988 2107; x_wconf 73' lang='lat' dir='ltr'>meaos</span> 
     </span>
     <span class='ocr_line' id='line_1_25' title="bbox 270 2122 988 2190; baseline 0.004 -20"><span class='ocrx_word' id='word_1_161' title='bbox 270 2129 293 2172; x_wconf 81' lang='lat' dir='ltr'>et</span> <span class='ocrx_word' id='word_1_162' title='bbox 303 2122 394 2186; x_wconf 72' lang='lat' dir='ltr'>feceris</span> <span class='ocrx_word' id='word_1_163' title='bbox 411 2125 499 2189; x_wconf 81' lang='lat' dir='ltr'>omnio,</span> <span class='ocrx_word' id='word_1_164' title='bbox 524 2142 682 2190; x_wconf 79' lang='lat' dir='ltr'>quoecumque</span> <span class='ocrx_word' id='word_1_165' title='bbox 698 2126 752 2176; x_wconf 82' lang='lat' dir='ltr'>dico</span> <span class='ocrx_word' id='word_1_166' title='bbox 771 2126 826 2187; x_wconf 75' lang='lat' dir='ltr'>titi,</span> <span class='ocrx_word' id='word_1_167' title='bbox 845 2126 947 2175; x_wconf 75' lang='lat' dir='ltr'>inimicas</span> <span class='ocrx_word' id='word_1_168' title='bbox 955 2141 988 2173; x_wconf 86' lang='lat' dir='ltr'>ero</span> 
     </span>
     <span class='ocr_line' id='line_1_26' title="bbox 269 2190 989 2258; baseline 0.003 -18"><span class='ocrx_word' id='word_1_169' title='bbox 269 2190 368 2240; x_wconf 72' lang='lat' dir='ltr'>inimicas</span> <span class='ocrx_word' id='word_1_170' title='bbox 390 2192 446 2255; x_wconf 81' lang='lat' dir='ltr'>tuis,</span> <span class='ocrx_word' id='word_1_171' title='bbox 475 2201 498 2242; x_wconf 84' lang='lat' dir='ltr'>et</span> <span class='ocrx_word' id='word_1_172' title='bbox 520 2192 665 2242; x_wconf 55' lang='lat' dir='ltr'>morabor</span> <span class='ocrx_word' id='word_1_173' title='bbox 683 2194 757 2258; x_wconf 72' lang='lat' dir='ltr'>(ias),</span> <span class='ocrx_word' id='word_1_174' title='bbox 786 2194 828 2258; x_wconf 81' lang='lat' dir='ltr'>qai</span> <span class='ocrx_word' id='word_1_175' title='bbox 844 2192 989 2242; x_wconf 64' lang='lat' dir='ltr'>morantur</span> 
     </span>
     <span class='ocr_line' id='line_1_27' title="bbox 270 2258 495 2324; baseline 0.009 -16"><span class='ocrx_word' id='word_1_176' title='bbox 270 2258 350 2308; x_wconf 43' lang='lat' dir='ltr'>libam?</span> <span class='ocrx_word' id='word_1_177' title='bbox 376 2259 495 2324; x_wconf 51' lang='lat' dir='ltr'>(issi.)</span> 
     </span>
     <span class='ocr_line' id='line_1_28' title="bbox 260 2343 988 2410; baseline 0 -12"><span class='ocrx_word' id='word_1_178' title='bbox 260 2346 301 2398; x_wconf 79' lang='lat' dir='ltr'>lo.</span> <span class='ocrx_word' id='word_1_179' title='bbox 326 2343 397 2410; x_wconf 90' lang='lat' dir='ltr'>Quia</span> <span class='ocrx_word' id='word_1_180' title='bbox 416 2344 541 2398; x_wconf 90' lang='lat' dir='ltr'>nonnulli</span> <span class='ocrx_word' id='word_1_181' title='bbox 562 2343 705 2399; x_wconf 83' lang='lat' dir='ltr'>audientes</span> <span class='ocrx_word' id='word_1_182' title='bbox 718 2361 773 2399; x_wconf 92' lang='lat' dir='ltr'>non</span> <span class='ocrx_word' id='word_1_183' title='bbox 788 2344 916 2409; x_wconf 90' lang='lat' dir='ltr'>audiunt,</span> <span class='ocrx_word' id='word_1_184' title='bbox 940 2347 988 2399; x_wconf 90' lang='lat' dir='ltr'>imo</span> 
     </span>
    </p>

    <p class='ocr_par' dir='ltr' id='par_1_6' title="bbox 203 2419 988 2493">
     <span class='ocr_line' id='line_1_29' title="bbox 203 2419 988 2493; baseline -0.001 -19"><span class='ocrx_word' id='word_1_185' title='bbox 203 2437 257 2474; x_wconf 90' lang='lat' dir='ltr'>non</span> <span class='ocrx_word' id='word_1_186' title='bbox 269 2419 380 2475; x_wconf 87' lang='lat' dir='ltr'>audisse</span> <span class='ocrx_word' id='word_1_187' title='bbox 390 2436 419 2474; x_wconf 89' lang='lat' dir='ltr'>se</span> <span class='ocrx_word' id='word_1_188' title='bbox 432 2419 554 2493; x_wconf 81' lang='lat' dir='ltr'>fingunt,</span> <span class='ocrx_word' id='word_1_189' title='bbox 576 2419 732 2492; x_wconf 80' lang='lat' dir='ltr'>designavit</span> <span class='ocrx_word' id='word_1_190' title='bbox 746 2420 884 2491; x_wconf 89' lang='lat' dir='ltr'>apposite:</span> <span class='ocrx_word' id='word_1_191' title='bbox 905 2419 934 2475; x_wconf 69' lang='lat' dir='ltr'>st</span> <span class='ocrx_word' id='word_1_192' title='bbox 945 2439 988 2474; x_wconf 84' lang='lat' dir='ltr'>oo·</span> 
     </span>
    </p>

    <p class='ocr_par' dir='ltr' id='par_1_7' title="bbox 201 2493 986 2568">
     <span class='ocr_line' id='line_1_30' title="bbox 201 2493 986 2568; baseline -0.001 -19"><span class='ocrx_word' id='word_1_193' title='bbox 201 2499 294 2550; x_wconf 78' lang='lat' dir='ltr'>da&#39;endo</span> <span class='ocrx_word' id='word_1_194' title='bbox 303 2501 430 2552; x_wconf 76' lang='lat' dir='ltr'>audiretis</span> <span class='ocrx_word' id='word_1_195' title='bbox 439 2513 524 2552; x_wconf 67' lang='lat' dir='ltr'>aeeon</span> <span class='ocrx_word' id='word_1_196' title='bbox 533 2494 636 2567; x_wconf 78' lang='lat' dir='ltr'>det**),</span> <span class='ocrx_word' id='word_1_197' title='bbox 665 2511 720 2568; x_wconf 91' lang='lat' dir='ltr'>quo</span> <span class='ocrx_word' id='word_1_198' title='bbox 730 2493 986 2566; x_wconf 81' lang='lat' dir='ltr'>pauloantedictum</span> 
     </span>
    </p>
   </div>
   <div class='ocr_carea' id='block_1_6' title="bbox 204 2635 985 2730">
    <p class='ocr_par' dir='ltr' id='par_1_8' title="bbox 204 2635 985 2730">
     <span class='ocr_line' id='line_1_31' title="bbox 204 2635 985 2730; baseline 0.019 -67"><span class='ocrx_word' id='word_1_199' title='bbox 204 2635 493 2730; x_wconf 30' lang='lat' dir='ltr'>dnbissosffghffmfflgnm</span> <span class='ocrx_word' id='word_1_200' title='bbox 507 2638 562 2684; x_wconf 78' lang='lat' dir='ltr'>orat,</span> <span class='ocrx_word' id='word_1_201' title='bbox 582 2645 645 2684; x_wconf 84' lang='lat' dir='ltr'>quem</span> <span class='ocrx_word' id='word_1_202' title='bbox 658 2635 748 2677; x_wconf 77' lang='lat' dir='ltr'>fellelter</span> <span class='ocrx_word' id='word_1_203' title='bbox 760 2639 882 2678; x_wconf 68' lang='lat' dir='ltr'>munaum</span> <span class='ocrx_word' id='word_1_204' title='bbox 889 2647 922 2678; x_wconf 85' lang='lat' dir='ltr'>me</span> <span class='ocrx_word' id='word_1_205' title='bbox 930 2638 985 2677; x_wconf 72' lang='lat' dir='ltr'>rum</span> 
     </span>
    </p>
   </div>
   <div class='ocr_carea' id='block_1_7' title="bbox 254 2735 617 2791">
    <p class='ocr_par' dir='ltr' id='par_1_9' title="bbox 254 2735 617 2791">
     <span class='ocr_line' id='line_1_32' title="bbox 254 2735 617 2791; baseline -0.036 -4"><span class='ocrx_word' id='word_1_206' title='bbox 254 2735 288 2786; x_wconf 68' lang='lat'>⁸⁸)</span> <span class='ocrx_word' id='word_1_207' title='bbox 303 2738 335 2780; x_wconf 80' lang='lat' dir='ltr'>Ol.</span> <span class='ocrx_word' id='word_1_208' title='bbox 350 2751 413 2791; x_wconf 82' lang='lat' dir='ltr'>supra</span> <span class='ocrx_word' id='word_1_209' title='bbox 425 2739 474 2781; x_wconf 89' lang='lat' dir='ltr'>Vol.</span> <span class='ocrx_word' id='word_1_210' title='bbox 487 2737 524 2779; x_wconf 84' lang='lat' dir='ltr'>v1.</span> <span class='ocrx_word' id='word_1_211' title='bbox 537 2748 558 2786; x_wconf 86' lang='lat' dir='ltr'>p.</span> <span class='ocrx_word' id='word_1_212' title='bbox 573 2735 617 2776; x_wconf 72' lang='lat' dir='ltr'>tlt.</span> 
     </span>
    </p>
   </div>
   <div class='ocr_carea' id='block_1_8' title="bbox 0 0 1031 3100">
    <p class='ocr_par' dir='ltr' id='par_1_10' title="bbox 0 0 1031 3100">
     <span class='ocr_line' id='line_1_33' title="bbox 0 0 1031 3100; baseline 0 0"><span class='ocrx_word' id='word_1_213' title='bbox 0 0 1031 3100; x_wconf 95' lang='lat' dir='ltr'> </span> 
     </span>
    </p>
   </div>
  </div>
 </body>
</html>
