2050 3100
165 156 214 209 tlt
390 160 574 217 rfllnortls
596 157 734 206 lunam
804 196 811 209 .
851 152 956 222 [mota]

164 263 201 317 sit
213 260 367 332 problema:
393 260 432 314 Dc
448 263 686 315 comdentcccieit
701 263 786 323 dius,
799 267 838 313 et
855 263 887 314 de
902 265 958 330 {orti

165 338 557 406 eqrcssoestdulcedollud.1t‚
569 339 625 399 14).

222 465 264 517 3⁴.
289 462 374 523 Bene,
395 460 571 532 oSampson,
591 460 730 531 disputas:
749 458 959 530 persecundum

165 538 194 590 in
205 538 306 591 virtute
316 536 451 606 primurn,
466 543 492 589 et
504 552 555 607 per
565 535 662 590 fortem
672 534 792 589 debilem
804 533 960 587 manifesta·

164 611 211 664 sti.
236 609 308 665 Illud
318 610 392 664 enim
402 610 439 663 Dc
449 616 590 665 comedente
599 615 682 663 sciuit
692 614 762 663 citus
773 607 856 662 facile
870 616 911 662 est
920 610 960 661 in-

166 686 273 747 venire,
300 686 365 754 quia
384 683 532 739 comedunt
550 701 703 755 capraeque
720 699 859 754 ovesque,
885 682 960 737 etde

165 757 372 812 comedentibus
383 759 439 813 exit
449 759 538 824 cibus,
550 766 625 830 patet
632 758 707 831 quod
713 757 764 811 lac.
783 756 960 813 Alterumau-

164 840 233 887 tem:
253 832 290 885 De
304 837 367 900 sorti
381 845 483 902 opressa
494 844 532 888 eat
540 837 660 895 dulcedo,
680 832 753 905 fugit
762 832 958 888 inventionem.

163 906 198 961 Et
212 907 295 960 nimis
311 924 376 961 sane
386 908 526 979 sapienter
536 917 562 963 et
572 907 717 963 artificiose
728 907 867 980 (dictum).
904 908 960 961 Pri-

164 998 240 1035 mum
251 980 321 1036 illud
332 982 412 1037 facile
424 983 458 1036 ad
464 983 612 1056 capiendos
618 983 756 1038 auditores
762 982 893 1045 edocens,
904 983 959 1037 eius

164 1059 274 1128 quoque
285 1056 442 1112 facilitatem
458 1059 572 1113 secundi
588 1057 750 1113 difficultate
764 1057 906 1122 obvolvit,
926 1057 960 1110 ita
1007 1069 1009 1132 y

164 1140 195 1186 ut
208 1132 282 1203 quod
297 1131 378 1187 facile
392 1142 562 1206 compertum
576 1133 642 1197 fuit,
664 1134 693 1187 in
707 1134 839 1204 laqueum
849 1139 928 1186 vocet
937 1140 960 1184 et
1008 1151 1010 1202 y

164 1206 233 1263 forte
243 1209 318 1262 intus
329 1208 451 1262 includat
462 1210 600 1282 deceptos.
633 1208 779 1280 Siquidem
793 1224 848 1263 non
857 1215 959 1261 tantum
1009 1233 1011 1274 t

165 1284 275 1411 pittutis
286 1299 368 1354 opus,
380 1283 430 1339 sed
441 1286 523 1341 etiam
534 1284 685 1360 sapientiae
695 1283 891 1339 demonstrasti
901 1299 959 1354 pro
1010 1315 1011 1344 r

187 1358 355 1413 lematuum.

220 1488 262 1541 ³2.
283 1486 330 1539 llis
345 1485 460 1550 auditis,
481 1486 574 1558 quiin
584 1484 695 1558 nuptias
705 1484 875 1541 advenerant
885 1483 960 1539 Sam-

165 1559 272 1630 psonis,
289 1578 354 1632 prae
370 1561 486 1626 laetitia,
503 1571 650 1632 antequam
663 1561 817 1617 valuissent
831 1561 907 1616 clare
921 1560 961 1614 vi·

165 1633 229 1688 dere
239 1635 379 1706 problema
388 1645 517 1708 certeque
526 1653 637 1690 cernere
645 1636 786 1707 proverbii
796 1636 852 1710 (vel
862 1651 962 1706 propo-

165 1709 265 1784 nentis)
283 1711 509 1784 profunditatem,
536 1718 711 1782 acceptarunt
726 1712 833 1768 solvere
850 1710 963 1783 proble-

165 1802 221 1850 ma,
243 1785 426 1842 'concedentes
442 1796 469 1842 et
481 1788 555 1858 pacti
573 1786 764 1847 invitationem
781 1787 962 1859 propositam.

164 1859 298 1926 Quoniam
309 1861 443 1917 interduo
453 1861 525 1917 mala
534 1861 714 1932 deprehensi,
735 1879 814 1934 spem
828 1870 857 1917 et
871 1861 965 1916 ebrie-

166 1946 260 2002 tatem,
273 1937 472 2009 promptissimi
483 1936 518 1992 ad
528 1946 671 2009 pactorum
681 1939 851 1993 sanctionem
863 1933 903 2011 [*]
915 1935 965 1989 fie-

164 2010 243 2080 bant,
265 2029 328 2066 nam
343 2013 492 2068 vinolentia
507 2029 562 2068 non
575 2013 752 2083 permittebat
763 2014 805 2068 eis
815 2030 875 2067 rem
884 2011 965 2083 prius

164 2086 333 2158 perpendere
347 2096 374 2141 et
388 2089 506 2160 cogitare
521 2087 694 2153 elucubrate,
717 2105 782 2160 spes
800 2097 895 2142 autem
909 2087 966 2139 iam

167 2161 306 2216 victoriam
325 2163 507 2232 superstionis
527 2163 683 2233 praestabat
700 2165 742 2218 cis
759 2163 857 2228 etiam,
885 2170 967 2217 aute·

164 2248 247 2307 quam
262 2235 296 2290 ad
315 2253 429 2292 examen
448 2251 506 2292 rem
524 2238 690 2310 redigerent.
729 2237 800 2304 Quia
818 2246 846 2293 et
864 2246 966 2300 natura

164 2310 352 2366 omnishomo
374 2311 473 2366 melius
494 2321 635 2384 exspectat
655 2313 908 2385 praestolamus,
940 2318 969 2364 et

164 2385 245 2438 istius
255 2401 333 2454 spem
342 2401 472 2455 superare
482 2387 672 2442 contendendo
680 2387 818 2460 procedit,
840 2388 967 2442 maxime

164 2458 212 2522 qui
223 2457 352 2510 ebrietate
362 2460 540 2528 cogitationes
550 2460 671 2516 diluunt.
692 2462 838 2534 Siquidem
849 2459 967 2537 qpando

163 2525 251 2580 brutis
267 2529 465 2613 cupiditatibus
480 2536 706 2605 oppugnantibus
720 2535 882 2590 intellectus*
897 2553 967 2590 eva-

163 2607 258 2650 cuatus
268 2608 318 2662 srt,
334 2603 479 2658 immersus
489 2607 518 2658 in
529 2607 702 2673 ebrietatem,
719 2617 892 2664 tuncomnes
902 2627 967 2665 eor·

163 2666 206 2718 dis
226 2671 412 2738 imprudentes
430 2676 603 2734 brutalitates
620 2691 761 2754 tamquam
778 2685 809 2738 in
826 2683 965 2756 abyssum
