2050 3100
72 176 109 241 [11,
123 176 189 241 rou]
254 182 296 227 au
316 181 494 227 canneru.
514 182 641 229 enarro
660 185 703 232 111.
850 184 883 235 aa

72 282 272 412 lsaetditposseu
296 281 391 337 verbis
407 289 454 337 aut
467 281 565 346 rebus,
592 285 795 358 atquealiquid
815 290 882 345 mali

71 374 86 427 p
113 374 141 411 ra
179 375 206 411 r.

93 496 181 554 &aare
199 496 264 546 duit
280 496 315 545 ad
330 496 395 546 ilum
413 496 526 561 capulata:
557 498 651 565 „aare
659 502 747 553 aneta
764 502 857 567 Surae,

211 562 276 613 unda
293 564 374 613 amia?
400 572 424 613 at
440 580 487 627 quo
503 564 612 615 aadw
634 569 690 633 (16,
707 570 747 634 8.)

124 679 174 730 28.
198 674 304 727 Littera
314 672 385 727 nihil
396 690 467 745 opus
481 673 566 729 babet
579 678 774 749 expositionis,
796 682 880 736 nimis

71 752 145 804 enim
168 748 247 803 clara
265 756 316 802 est.
357 747 399 803 Ad
413 756 535 803 mentem
548 767 614 805 vero
629 755 762 824 asperitas
776 752 881 826 (expri-

71 823 181 895 mitur);
209 823 344 893 quoniam
359 824 555 879 instructivum
569 835 612 881 est
624 827 741 883 verbum
751 827 879 884 divinum

14 938 15 973 p
72 909 96 953 et
105 898 284 953 infirmitatis
295 897 402 953 animae
412 897 548 953 medicus.
583 901 681 957 Dicito
714 902 877 959 oedillam:

75 976 146 1029 Unde
159 970 256 1028 aarum?
281 974 371 1033 neseis
386 972 456 1044 quid
470 973 537 1028 boni
549 974 697 1032 deseruisti
741 980 880 1050 numquid
898 1002 903 1011 ·

71 1066 168 1103 manca
179 1066 211 1103 es
223 1054 251 1101 et
261 1046 360 1103 caeca?
374 1064 428 1102 non
439 1049 513 1103 enim
524 1049 604 1104 vides
613 1068 738 1122 prorsus,
749 1060 878 1108 etsensus

72 1123 179 1179 habens
200 1138 257 1177 non
279 1122 378 1186 sentis,
400 1130 481 1194 atque
501 1126 603 1179 mentis
622 1127 777 1195 portionem
793 1127 878 1182 ullam

72 1216 125 1254 non
146 1197 254 1253 babere
274 1196 345 1251 mihi
359 1196 464 1253 videris
477 1206 509 1252 ut
525 1198 650 1252 demens.
689 1198 815 1253 Attamen
830 1219 880 1269 qao

72 1273 166 1329 vodis?
187 1272 225 1327 de
235 1288 292 1343 qua
301 1271 436 1343 probitate
449 1274 478 1326 in
494 1272 748 1343 quam‘misariam‘?
766 1274 801 1328 Ut
810 1274 880 1345 quid

74 1350 114 1403 sie
129 1349 244 1411 errasti,
265 1355 297 1402 ut
311 1346 392 1401 bonis
404 1348 519 1418 quae-in
529 1347 659 1402 manibus
670 1347 794 1403 habebas
803 1349 880 1404 abie-

75 1426 140 1489 ctis,
167 1422 316 1477 remotiora
334 1424 542 1493 persequereris
560 1421 650 1477 bona?
678 1422 741 1478 Noti
754 1432 798 1489 tu,
820 1424 877 1480 noli

74 1500 203 1571 inquam,
220 1498 393 1571 baecagere:
419 1497 469 1552 sed
480 1498 576 1554 insano
586 1499 691 1570 impetu
701 1508 827 1556 revocato
839 1498 876 1576 Γ]

75 1592 183 1630 recurre
200 1582 227 1629 et
241 1581 378 1629 revertere
393 1574 423 1627 in
433 1573 555 1628 veandem
564 1575 653 1637 viarm
675 1576 823 1631 aestimans
833 1593 879 1630 sa*

76 1651 210 1721 pientiam
224 1647 277 1703 tibi
293 1648 447 1712 dominam,
466 1665 552 1720 quam
562 1658 624 1704 ante
634 1666 744 1722 quoquo
755 1650 878 1705 habebas

76 1723 243 1795 praefectam
253 1731 280 1780 et
292 1723 506 1794 procuratricem
522 1725 551 1778 in
567 1725 621 1789 eis,
646 1742 717 1795 quaa
732 1723 879 1798 aggredie-

76 1799 162 1853 baris.

164 1938 228 1996 Quid
244 1949 278 1990 act
295 1940 342 2003 „A
354 1941 424 2005 facie
441 1938 524 1990 Sorae
541 1940 651 1993 domim
667 1956 732 1990 meae
750 1957 794 2004 apo

377 2007 489 2071 supio“t
511 2008 570 2071 (ib.)

130 2112 174 2166 29.
193 2108 335 2164 Sinceram
347 2107 468 2163 indolem
480 2107 594 2163 laudare
603 2125 653 2178 par
662 2110 714 2163 erit
724 2115 751 2162 et
761 2109 877 2162 amicam

82 2184 202 2239 veritatis
222 2184 395 2250 existimare;
427 2182 600 2255 proindeque
615 2199 734 2253 aequum
749 2192 790 2237 est
803 2199 878 2237 nunc

84 2259 222 2314 admittere
240 2259 418 2312 veracitatem
438 2258 524 2311 animi
544 2257 668 2320 fatentis,
693 2273 764 2328 quae
777 2273 877 2329 passus

84 2342 133 2388 est:
157 2351 175 2387 c
184 2337 252 2402 [acie
262 2333 336 2386 enim
346 2333 451 2404 inquit,
469 2339 536 2403 puta
547 2349 562 2386 a
572 2331 718 2402 superficie
729 2332 841 2387 virtutis
852 2340 879 2385 et

85 2407 229 2479 sapientiae
239 2406 346 2462 horrui.
378 2405 513 2474 Quoniam
524 2406 707 2478 principalem
717 2407 878 2478 regiamque

86 2483 141 2536 aius
151 2481 273 2552 speciem
281 2480 381 2538 videns
390 2482 516 2544 tremuit,
538 2498 593 2539 uon
607 2481 697 2537 ferens
707 2482 878 2534 maiestatem

87 2573 116 2610 ac
126 2555 322 2610 sublimitatem
333 2557 392 2618 eius
403 2556 519 2619 intueri,
541 2555 591 2610 sed
605 2557 698 2627 potius
713 2551 878 2624 fugiendum

88 2630 137 2685 sibi
155 2629 245 2686 duxit.
284 2629 354 2685 Sunt
372 2632 446 2688 euim
465 2629 596 2700 quidam,
625 2629 675 2698 qui
695 2643 749 2679 non
770 2633 879 2696 proptor

89 2704 176 2760 odium
196 2713 353 2758 aversentur
367 2707 511 2768 virtutem,
534 2703 583 2758 sed
599 2718 664 2772 prae
680 2697 787 2768 pudore
800 2713 880 2750 reve·
