2050 3100
53 252 85 317 [1,
99 251 130 318 8.]
189 257 239 302 DE
263 256 536 305 PROVIDENTIA
554 256 681 304 SERMO
699 256 719 302 1.
822 249 851 302 Π

115 359 156 412 ta.
180 356 275 428 Itaque
293 355 434 428 oportebat
452 374 561 429 semper
580 357 687 428 aliquid
702 373 775 421 esse,
803 374 852 428 per

53 430 130 503 quod
146 431 191 494 ct,
213 448 283 502 quae
297 448 351 486 uon
367 440 466 495 erant,
482 450 543 486 csso
561 432 671 487 tandem
689 430 851 505 inciperent.

52 506 158 576 Nequit
172 508 246 561 enim
259 505 411 577 quidquam
429 505 484 562 ἀπὸ
499 512 547 563 τοῦ
561 525 612 561 non
627 525 680 568 esso
697 504 734 568 εἷς
752 506 791 578 τὸ,
801 525 854 561 esse

57 582 163 645 venire,
174 581 230 636 nisi
238 583 318 652 prius
328 599 410 636 causa
420 581 512 652 aliqua
524 582 704 654 intelligatur,
711 598 760 652 per
770 598 853 653 quam

53 657 105 710 sit:
118 672 153 710 ex
163 672 218 727 quo
229 655 360 720 efficitur,
375 664 406 711 ut
415 673 604 728 quaecumque
616 673 689 711 nunc
698 656 768 710 facta
779 666 851 719 sunt,

54 747 165 802 semper
175 730 322 785 habuerint
332 731 460 786 factorem
475 730 545 803 (sive
556 731 723 804 creatorem).
763 731 853 785 Prima

48 798 148 860 'autem
159 806 218 876 ipsa
229 823 310 860 causa
322 806 469 861 efficiensa
479 806 556 861 nullo
566 808 696 878 quopiam
713 805 783 861 lacta
793 814 851 862 cst:

54 881 180 952 alioquin
193 897 247 935 non
262 890 334 935 esset
347 882 408 952 ipsa
418 881 508 953 prima
522 898 604 935 causa
622 880 745 935 efficiens
762 898 854 935 rernm

53 954 200 1020 factarum,
212 955 262 1010 sed
272 957 331 1027 ipsa
342 972 452 1027 quoque
462 973 476 1010 a
486 954 627 1025 productis
637 955 779 1027 producta.
801 956 853 1010 Ubi

52 1047 121 1084 vero
135 1047 246 1085 causam
259 1033 432 1105 inveniamus
451 1030 628 1094 effectricem,
655 1031 685 1084 si
694 1031 786 1084 omnia
800 1031 855 1092 sub
917 1032 919 1035 ’

53 1105 191 1160 creatione
201 1107 270 1171 sint,
292 1123 343 1161 nec
356 1106 414 1161 ulla
428 1105 500 1159 adsit
509 1121 592 1159 causa
602 1121 694 1159 rerum
704 1103 854 1159 factarum?

113 1233 153 1285 13.
165 1230 309 1286 Theoriam
319 1248 333 1284 a
344 1229 424 1284 nobis
435 1230 647 1301 expositamalio
656 1228 737 1283 modo
748 1245 852 1299 expeu-

54 1307 165 1363 damus.
204 1305 347 1376 Corruptio
366 1305 563 1376 particularum
583 1305 702 1359 alicuius
720 1305 807 1379 partis
827 1313 853 1357 ct

53 1384 155 1437 iterum
165 1382 303 1452 corruptio
313 1381 444 1434 minimae
454 1380 540 1451 partis
551 1380 634 1434 huius
647 1379 812 1450 particulae,
822 1379 853 1457 ¹si

15 1521 23 1534 Ι
54 1475 90 1512 ex
100 1457 162 1527 ipsa
172 1465 268 1510 natura
284 1464 365 1527 atque
378 1457 497 1510 essentia
506 1456 628 1526 corporis
637 1455 753 1529 oriatur,
772 1470 854 1526 prae-

53 1534 146 1606 signat
156 1533 357 1603 corruptionem
371 1547 482 1603 quoque
492 1530 613 1587 futuram
626 1529 748 1601 corporis
758 1530 852 1585 totius.

52 1607 216 1674 Quid·enim
232 1615 272 1662 est
288 1608 425 1678 corruptio
441 1608 470 1661 iu
485 1607 607 1677 aliquam
616 1606 738 1677 corporis
747 1614 853 1677 partem

51 1684 175 1756 primum
185 1682 334 1753 obrepens,
350 1682 405 1736 nisi
417 1681 570 1736 differentia
576 1681 716 1756 ¹quaedam
725 1682 797 1753 parti
808 1680 853 1736 vel

52 1757 206 1829 particulae
215 1757 341 1821 inducta,
360 1774 413 1829 qua
424 1756 454 1811 fit
464 1766 494 1812 ut
504 1755 630 1813 differant
640 1757 675 1811 ab
686 1758 720 1811 iis
732 1756 854 1827 corpori-

52 1833 122 1896 bus,
136 1832 285 1904 exquibus
295 1840 359 1886 sunt
369 1831 511 1887 sublatae?
530 1832 675 1904 Siquidem
684 1831 759 1903 quod
770 1831 853 1885 unius

53 1906 236 1978 eiusdemque
251 1914 308 1961 erat
322 1916 448 1971 naturae,
469 1907 678 1971 dissolutionem
692 1906 779 1963 subiit
793 1923 853 1961 cor-

53 1983 206 2053 ruptionis,
225 1982 461 2053 exspectantibus
481 1982 544 2037 aliis
562 2000 673 2054 quoque
691 1981 852 2053 corporibus

52 2074 149 2129 parem
163 2057 255 2111 sortiri
270 2056 478 2130 dissolutionem
494 2074 526 2111 ac
538 2060 753 2129 corruptionem,
774 2057 812 2111 ita
822 2063 853 2109 ut

52 2134 185 2188 universa
195 2148 307 2203 corpora
317 2148 390 2187 mors
400 2132 429 2186 in
439 2148 526 2186 unum
536 2131 618 2187 finem
628 2131 783 2194 concludat.

113 2260 153 2313 ll.
174 2257 228 2323 Qui
242 2273 308 2329 ergo
321 2257 439 2312 naturali
453 2274 521 2312 usus
531 2258 649 2322 ratione,
660 2255 746 2311 vvidet
756 2253 852 2309 condi·
902 2281 903 2284 ¹

53 2335 157 2388 tionem
172 2333 353 2387 animantium
368 2332 584 2404 animaliumque
597 2334 699 2388 ratione
713 2327 852 2401 praedito-

52 2425 129 2471 rum,
152 2416 179 2462 et
189 2408 341 2463 universim
354 2408 478 2462 omnium
489 2425 597 2472 rerum,
619 2422 689 2477 quae
704 2406 733 2458 in
748 2401 851 2457 mundo

51 2492 117 2537 sunt
127 2500 158 2537 ac
167 2482 258 2547 luere,
278 2482 353 2554 quod
364 2499 462 2554 nempe
471 2483 500 2537 in
511 2481 588 2537 lluxu
599 2483 666 2544 sint,
688 2494 778 2533 nonne
787 2477 851 2531 uni-

51 2575 165 2613 versum
171 2575 281 2630 quoque
291 2557 425 2612 mundum
435 2557 470 2612 ad
479 2574 601 2612 normam
611 2554 728 2627 partium
739 2568 851 2607 suarum

11 2646 17 2655 ·
52 2632 214 2688 habiturum
242 2650 303 2687 esse
326 2634 528 2705 corruptionem
549 2626 696 2686 fatebitur?
734 2627 851 2691 Coniicit

52 2708 169 2763 enimex
176 2705 213 2782 [⁴⁵]
220 2706 346 2781 partibus
356 2725 427 2780 quac
437 2709 492 2761 iarn
497 2708 613 2777 periere,
625 2704 706 2759 etiam
717 2704 862 2773 ipsorum,
888 2746 890 2749 ,

52 2783 227 2856 quae-adbuc
238 2788 354 2849 exstant,
369 2783 566 2837 elementorum
577 2780 695 2904 iutqpam
706 2794 766 2835 esne
777 2776 851 2847 eius·

88 2857 202 2909 Parce
221 2858 293 2910 Vlll.
