2050 3100
161 99 212 154 272
298 99 394 146 PHIL.
411 98 488 143 wn.
508 94 669 152 QUAEsT.
685 93 734 138 ET
751 91 831 137 8012.
851 80 963 150 [1],427]

161 201 259 276 (visus)
270 219 333 256 reus
343 206 394 254 est.
434 193 513 262 Quod
524 203 615 249 autem
625 195 664 248 ita
673 210 704 246 se
714 209 758 246 res
768 189 885 253 habeat,
900 203 964 242 ecoe

161 294 224 332 oum
240 277 357 330 latrones
373 271 517 326 excubitor
531 277 559 324 et
572 269 701 322 inimicos
710 272 867 339 pugnantes
877 263 965 317 duces

161 351 278 406 militiae
287 350 347 403 sine
358 345 454 401 fraude
464 351 603 416 nequeant
611 341 783 413 prehendero
798 347 825 394 et
839 338 964 401 vincere,

161 425 278 492 insidias
298 429 425 494 parantes
444 436 503 474 rem
526 417 673 491 perficiunt
695 414 799 486 oppido
822 429 965 486 magnam,

162 517 222 555 eam
232 500 361 569 inquam,
374 511 445 566 quae
455 493 591 548 insidiosa
601 492 671 546 actio
681 489 847 562 appellatur.
879 487 968 542 Simi-

163 575 218 628 lem
237 573 321 628 habct
339 571 473 625 rationem
492 577 520 623 et
539 568 704 622 luctatorum
722 579 904 636 congressus,
927 562 968 614 si-

162 647 278 719 quidem
297 654 324 701 et
338 645 400 700 istis
415 644 510 699 illusio
525 642 570 696 vel
586 641 662 696 frana
675 647 788 710 putatur
802 635 965 698 honorifica,

163 732 189 777 et
198 723 247 793 qui
257 739 307 792 per
316 720 411 775 dolum
422 719 539 772 vincunt
547 714 734 780 adversarios,
752 711 911 784 praemium
920 727 969 764 oo-

163 813 313 867 ronamque
333 801 482 849 merentur.
522 792 584 845 Non
597 805 663 862 ergo
676 789 750 842 siout
765 785 875 841 fallacia
892 785 969 840 vitu-

162 872 240 944 perio
260 871 343 943 digna
364 877 405 923 est
423 865 550 921 habenda
570 863 634 919 talia
655 862 745 926 fraus,
766 860 816 915 sed
834 877 885 932 pro
907 860 969 914 lau-

162 946 212 1022 de:
245 944 395 1017 aequaliter
405 941 478 997 valet
488 948 516 995 et
527 936 564 1013 [*]
577 939 647 992 ratio
659 936 808 1008 sapientia,
829 935 882 1006 qui
899 942 966 997 arte,

154 1039 218 1077 non
229 1029 321 1077 autem
331 1020 403 1073 sicut
412 1017 487 1075 iners
500 1022 639 1086 operatur.

167 1111 232 1170 Quid
253 1121 299 1175 eat,
324 1109 389 1174 qnod
408 1107 465 1156 dicit
481 1104 565 1154 Esou:
598 1102 690 1167 „laete
706 1109 815 1155 uocatum
832 1107 867 1148 eat
884 1113 970 1147 nonen

231 1180 281 1228 eiua
300 1177 390 1237 Iacob,·
422 1171 586 1236 supplantavit
607 1170 667 1219 enim
688 1186 724 1218 me
745 1184 799 1219 ecoe
820 1166 900 1216 altae
922 1164 970 1213 nac

230 1247 287 1294 vice.
324 1241 487 1306 Primoyenita
503 1254 558 1288 maa
574 1238 677 1301 accepit,
700 1245 723 1291 et
739 1251 801 1284 nnnc
818 1234 913 1296 accepit
931 1233 971 1280 be·

231 1312 384 1360 nedictionem
393 1325 467 1358 meam
478 1309 513 1370 (a.
531 1305 702 1354 benedictiones
714 1304 829 1366 moua)“t
843 1303 900 1367 (27,
913 1300 971 1358 36.)

219 1395 278 1447 229.
309 1391 461 1461 Utrumque
480 1395 581 1459 putans
601 1403 667 1440 vere
688 1384 782 1439 dicere
806 1383 969 1445 ementitur,

164 1560 244 1614 dolus
260 1564 394 1632 accipitur
408 1578 458 1632 pro
473 1562 603 1630 crimine3
625 1578 677 1616 nec
692 1562 767 1615 enim
779 1561 842 1615 eine
853 1558 918 1614 dolo
928 1559 972 1614 la-

163 1644 253 1687 trones
267 1652 282 1687 a
296 1636 404 1706 vigiliis
419 1636 580 1704 capiuntur,
606 1644 633 1690 et
647 1635 820 1691 adversarios
834 1635 972 1707 magister

163 1707 280 1760 militiae
293 1724 347 1761 non
362 1709 423 1761 sine
438 1708 500 1761 dolo
517 1712 605 1780 capit,
627 1719 654 1765 et
663 1710 873 1782 praeventuriae
881 1709 970 1764 huius

163 1788 227 1833 sunt
236 1783 355 1835 rationes
366 1788 392 1835 et
401 1782 493 1836 exusti
504 1799 568 1837 cum
578 1783 671 1856 (moro.
684 1783 825 1857 pugilum)
837 1785 972 1839 cortami-

162 1870 211 1937 na,
233 1853 337 1939 quibus
347 1855 422 1913 enim
432 1855 542 1911 fallacia
552 1858 664 1913 videtur
673 1858 846 1914 fortitudinia
860 1860 972 1932 precio-

162 1942 230 1991 sror;
248 1942 307 2011 'qul
327 1929 402 1981 enim
420 1930 458 1984 ita
478 1930 614 1988 devicerit
632 1933 769 1998 aemulos,
796 1933 924 1988 brachiis
942 1943 971 1988 et

163 1998 271 2054 adorem
282 2000 386 2073 largius
397 2005 674 2078 nominantur(mnr9.
681 2008 884 2082 munerantur).
898 2010 970 2063 Hac·

162 2081 242 2126 tenus
253 2090 308 2128 non
319 2084 360 2130 est
369 2086 461 2132 reatus
471 2079 516 2134 vel
527 2079 585 2151 doli
595 2082 742 2146 incusatio,
754 2082 806 2137 sed
822 2083 885 2138 laus
896 2085 967 2146 eius,

161 2147 396 2291 ggifiafttffimm
415 2160 469 2219 est3
498 2154 528 2206 in
546 2154 598 2209 hoc
617 2157 692 2218 enim
712 2155 858 2213 studiosus
876 2158 970 2213 omnia

197 2238 210 2273 r
231 2238 278 2276 cr.

165 2308 230 2367 Quid
246 2323 280 2362 eat
300 2312 365 2377 qnod
386 2312 447 2363 dixit
467 2314 551 2366 Esau:
582 2318 674 2380 „Iuste
695 2329 805 2369 uocatum
828 2330 866 2371 eat
887 2338 969 2371 nonen

229 2380 278 2429 eiua
298 2380 388 2439 Iacob5
418 2382 582 2444 supplantavit
604 2386 663 2433 enim
686 2402 723 2434 me
744 2387 793 2435 iam
816 2388 899 2439 altero
919 2389 969 2438 uice

229 2448 322 2525 (marg.
347 2448 490 2524 nancte).
530 2450 567 2499 Et
579 2451 702 2513 prinnina
719 2451 832 2518 annai,
863 2466 888 2506 et
907 2472 969 2505 nunc

229 2523 321 2576 coceptt
339 2512 518 2564 benedictionem
533 2521 650 2565 meam“?

216 2593 276 2645 229.
297 2594 417 2665 Utraque
432 2595 617 2651 existimando
631 2614 697 2652 vera
711 2598 805 2654 dicere
822 2604 967 2658 mentitur.
