2050 3100
168 176 200 227 80
282 177 380 225 PHIL.
401 176 478 223 IUD.
500 176 664 234 QUAEST.
685 175 735 220 ET
755 165 982 240 801..[11‚258.]

168 290 275 339 tentum
294 280 384 335 virtus
404 292 555 349 apparens,
575 276 657 331 facile
671 275 791 346 deponat
804 273 899 340 flores,
925 281 983 335 sed
999 289 1000 320 ³

110 356 113 360 ’
169 358 219 411 diu
237 371 347 426 semper
366 352 478 408 durabit
491 353 522 406 in
536 352 646 425 vigore,
670 351 818 405 constricta
832 351 980 409 invisibili
1000 393 1001 420 t

170 431 315 504 ligamine:
345 429 387 485 sic
401 437 427 482 et
440 425 614 499 pontificem,
635 424 747 479 fratrem
766 433 833 496 puta
851 423 1001 499 prophe'

168 516 226 570 tae,
249 505 280 559 in
290 503 424 577 gaudium
435 501 590 557 introduxit
600 502 754 564 internum,
774 499 981 573 quodsuperat
1001 555 1002 564 ,

168 598 278 637 omnem
288 579 483 652 cogitationem
493 577 646 640 carnalem,
667 575 707 629 ait
720 576 808 631 enim:
841 576 938 631 Videas
954 589 979 633 te

170 660 309 713 loetabitur
322 660 350 708 tn
362 672 398 709 ae.
438 653 529 709 Nimis
543 668 609 723 ergo
622 649 725 722 pudice
737 649 916 721 postmodum
931 652 979 707 di·

170 732 223 787 xit:
254 731 370 787 Necdum
387 731 489 797 aliquid
505 733 604 796 [cctam
620 735 658 780 eat
676 742 756 793 osque
773 742 856 788 coac,
884 736 909 780 et
926 733 978 782 do-

168 811 254 860 minus
277 822 348 858 meua
367 821 446 857 senec
469 810 516 855 eat.
564 797 677 929 Quos]
693 799 874 865 demonstrat,
897 803 978 872 quod

168 881 254 936 oblita
269 879 381 935 omnino
394 876 555 949 cupiditatis
568 884 619 947 per
654 875 825 947 isciplinam,
848 875 976 947 gaudere

169 956 273 1026 coepit,
303 970 355 1009 nec
373 961 464 1009 tamen
483 950 603 1023 perlecta
621 950 656 1005 ad
669 949 872 1022 assequendum
888 950 975 1007 finem

168 1030 305 1103 perfectae
316 1029 446 1093 laetitiae,
462 1026 542 1085 cuius
553 1025 653 1082 latetur
662 1042 758 1080 verum
771 1025 974 1099 propriumque

168 1106 277 1161 vultum
288 1106 344 1161 iam
354 1106 383 1161 in
392 1104 530 1161 seniorem
540 1101 712 1158 demutatum
721 1117 793 1157 esso.

173 1400 220 1448 Gur
241 1400 312 1462 quasi
324 1400 460 1462 increpatur
475 1397 564 1459 saeva,
583 1414 653 1461 quum
667 1395 792 1445 Abrabam
805 1394 868 1456 nea,
889 1403 913 1443 et
926 1412 972 1443 nco

237 1474 272 1513 est
282 1470 418 1527 comptus?
428 1465 496 1515 Dicit
505 1465 579 1514 enini:
595 1464 654 1526 „E't
666 1464 726 1513 dulcit
735 1462 840 1511 dominas
848 1461 884 1510 cd
891 1463 971 1510 Abra-

237 1530 305 1580 lanz:
327 1529 392 1586 Quid
399 1541 444 1594 est,
460 1528 687 1595 quodnaitSona,
707 1528 971 1593 eiectantemque

236 1615 289 1648 vere
297 1599 406 1662 pariam,
426 1615 469 1662 epo
484 1607 562 1647 autem
574 1599 658 1649 omui?
678 1597 804 1665 Numquid
814 1597 858 1655 deo
871 1597 972 1667 difficile

237 1666 280 1715 en't
291 1666 423 1715 vubomW
441 1670 495 1729 (18,
508 1666 580 1731 13⁵.)

226 1803 266 1855 47.
286 1798 365 1866 Quod
380 1799 476 1856 divina
489 1801 575 1856 verba
588 1801 701 1858 effeetus
717 1804 773 1858 sint
790 1820 822 1857 ac
840 1804 969 1867 virtutes,

167 1883 243 1947 patet
257 1892 292 1930 ex
305 1877 479 1946 praemissis3
502 1877 580 1932 nulla
597 1880 672 1932 enim
687 1877 761 1950 apud
778 1878 862 1932 deum
879 1879 971 1950 impo-

168 1951 253 2006 tentia
268 1958 319 2005 est.
359 1952 511 2022 increpatio
526 1969 591 2008 vero
609 1953 732 2018 laudem,
757 1961 788 2008 ut
807 1953 899 2008 visum
918 1961 969 2017 est,

167 2027 260 2097 potius
274 2025 454 2091 demonstrat,
481 2044 565 2099 quam
579 2029 808 2100 vituperationem
824 2045 969 2100 personae,

167 2103 246 2155 iuxta
274 2101 433 2172 opinionem
461 2102 596 2156 naturalis
624 2103 847 2174 exspectationis.
900 2103 972 2159 Vere

168 2175 243 2230 enim
252 2177 380 2242 miratur,
396 2174 470 2247 quod
481 2177 588 2231 cunctis
599 2177 698 2232 ablatis
707 2178 803 2249 utique
814 2177 972 2231 rationibus

167 2249 212 2304 vel
224 2251 410 2322 persuasivis‚
426 2251 531 2322 quibus
540 2259 635 2323 partus
646 2250 719 2306 ellici
728 2253 818 2324 possit
828 2251 970 2322 expedite.

167 2341 271 2381 novum
285 2343 355 2398 opus
369 2327 520 2382 seminetur
533 2326 580 2382 dei
598 2327 671 2381 circa
689 2334 776 2381 totum
794 2327 922 2381 animum
937 2325 973 2380 ad

167 2401 372 2472 generationem
382 2401 478 2472 gaudii
488 2418 604 2474 magnae
614 2402 748 2465 laetitiae,
768 2401 973 2455 nominesum·

166 2483 213 2546 pto
224 2476 317 2540 ilices,
339 2475 486 2530 Chaldaioe
498 2478 583 2530 lacco.
622 2475 762 2530 Abraham
775 2492 841 2530 vero
854 2492 885 2529 se
899 2475 972 2528 diri·

167 2565 246 2603 mens
260 2550 345 2605 evitat
363 2551 577 2621 correptionem,
604 2558 759 2604 constanter
775 2548 901 2604 firmatus
916 2551 972 2603 im-

166 2623 265 2678 mobili
287 2624 403 2678 oonsilio
426 2623 505 2690 fidei;
536 2624 667 2693 quoniam
689 2623 767 2678 fideli
790 2624 915 2679 credenti
941 2626 971 2678 in

166 2696 250 2752 deum
260 2700 350 2754 omnis
361 2698 528 2770 ambiguitas
538 2697 628 2750 aliena
638 2705 689 2751 est.
