2050 3100
62 308 180 375 [Miz]
221 313 283 358 ,iti
303 312 481 359 G-ENESIN.
505 313 632 359 SEthlO
651 314 694 361 lv.
818 308 868 361 illl

63 418 104 469 Tu
119 422 219 479 autem
230 412 365 484 exquirm
377 429 413 467 ex
426 412 575 470 multisciis
585 412 769 468 abstructmes
779 414 869 485 impe-

62 490 158 553 ritiae,
176 487 228 558 qui
239 488 374 561 abiiciunt
384 488 456 542 sicut
465 504 535 542 onus
546 496 572 541 et
578 495 737 561 expurgant
749 488 870 559 impedi-

62 572 158 619 menta
169 562 205 617 ab
218 562 283 616 aliis
293 563 350 616 iam
359 562 470 638 iniecta,
502 564 565 632 Non
575 562 650 637 enim
660 564 720 634 ipse
731 561 870 634 perlectus

62 655 140 693 nunc
150 635 286 692 inductus
295 645 393 707 puteos
403 635 518 709 habeti)
528 638 558 691 iu
568 638 673 703 auimo,
694 637 871 695 fontesscili-

64 722 107 767 cet
121 711 294 783 disciplinae
307 711 521 785 intelligentiae,
547 712 597 765 sed
611 714 699 779 servi,
721 730 790 785 ques
805 730 871 767 cou-
937 731 940 743 ¹

64 788 167 860 dignos
179 784 334 841 ministerio
345 785 512 858 disciplinae
522 803 588 841 suae
599 787 716 844 censuit.
751 788 784 841 lii
794 795 869 851 sunt,

63 864 114 934 qui
134 860 220 916 modo
240 862 365 933 aggressi
384 869 449 916 sunt
469 861 661 933 disciplinam,
693 868 719 917 et
738 862 871 935 paulatim

64 942 224 992 crescentes
244 936 382 1007 altiusque
402 933 542 1002 ledentes,
564 953 652 1008 usque
667 938 696 991 in
711 935 794 992 finem
807 954 873 1010 per-

64 1013 192 1067 veniant.
232 1011 283 1065 Isti
297 1012 390 1082 itaque
404 1010 485 1066 bonis
501 1010 643 1079 laboribus
661 1028 721 1067 sese
741 1029 873 1067 exercen-

63 1097 121 1151 tes,
141 1084 335 1159 perfecerunt,
358 1104 393 1141 ne
408 1086 535 1141 aberrent
544 1086 578 1142 ab
589 1088 650 1159 ipsc
661 1087 799 1142 desiderio
809 1104 873 1160 per-

64 1161 208 1217 fectiouis.
248 1159 427 1233 Alienigena‘e
443 1178 508 1217 vero
524 1162 648 1226 vocitati,
673 1178 743 1233 quos
756 1161 873 1215 Hebraei

64 1237 235 1291 Philistaecs
250 1235 403 1307 appellant,
424 1236 583 1292 invidentes
602 1245 726 1291 nostrum
745 1252 874 1307 progres-

65 1330 139 1377 sum,
152 1329 209 1365 nou
221 1311 312 1365 solum
321 1316 507 1378 obstruserunt
518 1310 716 1384 amplitudines
727 1308 760 1381 (e.
772 1310 874 1364 liberos

66 1384 228 1458 transitus),
249 1401 299 1456 per
314 1400 383 1457 quas
399 1386 539 1442 doctrinae
554 1387 629 1441 sanis
643 1384 763 1458 pedibus
778 1400 875 1457 proce·

68 1462 152 1525 dunt,
175 1459 321 1515 sedetiam
332 1464 594 1531 terraimpieaerent,
615 1461 732 1515 terrenis
742 1459 874 1513 nimirum

70 1535 274 1609 cupiditatibus
293 1553 364 1607 quae
383 1536 456 1592 circa
476 1545 601 1602 ventrem
621 1535 776 1608 voluptates
799 1543 872 1600 sunt,

70 1619 252 1684 properantes
262 1610 297 1666 ad
310 1611 513 1683 impletionem:
545 1613 620 1668 unde
635 1620 799 1686 aggravatus
815 1611 875 1666 ani·

124 1783 147 1830 ⁸)
161 1793 180 1822 ⁸·
193 1784 300 1823 indam·
313 1786 353 1831 (ad
360 1787 495 1834 fodendum),
515 1787 550 1836 qui
562 1788 605 1826 iem
614 1789 688 1836 puteos
701 1787 768 1826 tabet.
787 1784 874 1834 ‚Auen

72 2103 145 2157 quae
155 2103 206 2156 prc
216 2087 373 2158 ignorantia
382 2087 532 2158 accipitur,
554 2089 709 2162 expurgant
723 2107 772 2162 per
782 2089 878 2144 obser·

73 2160 197 2215 vautiam
217 2160 428 2216 institutarum«
463 2161 540 2217 Adeo
559 2159 697 2234 perlectus
717 2163 877 2219 huiusmodi

73 2235 198 2291 fossuras
214 2252 270 2290 uon
289 2235 369 2293 iacit:
402 2245 444 2292 est
457 2238 534 2293 enim
547 2238 647 2310 planus
662 2240 807 2302 scientiae,
829 2237 878 2292 sed

73 2309 155 2380 pueri
174 2326 244 2380 ques
264 2309 364 2384 dignos
382 2313 428 2368 sui
446 2313 595 2368 ministerii
610 2313 768 2371 arbitratur.
808 2312 879 2367 Sunt

74 2392 168 2445 autem
178 2385 214 2449 ii,
230 2386 282 2457 qui
291 2386 373 2444 mede
381 2387 534 2443 eruditioni
547 2387 660 2454 dantur,
684 2389 819 2460 patr-leiim
833 2404 880 2441 ac-

74 2458 206 2514 cedentes
215 2460 246 2517 in
255 2455 355 2527 alum,
370 2471 518 2534 quibusque
529 2463 663 2536 attingant
673 2463 823 2518 influent-s
845 2463 879 2516 lli

73 2532 190 2604 quidem
201 2533 305 2592 bouum
316 2537 489 2605 desiderium
495 2538 822 2610 prosequentesdignum
835 2537 880 2589 in-

75 2609 193 2665 veniunt
204 2608 334 2667 fructum.
355 2679 360 2686 g
374 2611 602 2686 alienigenarum
611 2631 677 2668 vern
687 2628 766 2666 meus
775 2624 825 2680 pro
835 2609 881 2664 iu-

13 2751 19 2758 ·
75 2681 154 2738 ridie
170 2686 363 2756 prosperitatis
377 2687 507 2760 decipere
524 2693 638 2744 canatur
656 2683 878 2756 opportunitatis,

75 2757 183 2828 quibus
196 2757 339 2816 doetrinae
356 2779 407 2834 pro
425 2765 561 2834 promptis
578 2761 723 2834 gressibus
743 2761 880 2816 creseunt,

78 2839 177 2886 terram
191 2838 348 2900 inlicientes,
368 2836 420 2891 boc
434 2847 489 2901 est,
508 2846 632 2892 terrenae
643 2829 882 2900 concupiscentiae
