2050 3100
156 250 190 302 to
382 254 567 299 numerus
585 251 723 298 ιιιιιιιιι
869 245 966 314 [ιιι]

157 358 215 411 lum
231 364 322 410 autem
337 363 383 409 aut
397 354 460 410 tabe
473 353 590 425 (duplex
604 353 678 408 enim
692 351 727 407 de
745 369 779 407 eo
798 369 896 408 sermo
915 352 967 426 est)

158 431 281 485 fervente
291 436 484 501 consumptum
495 428 591 492 inisse,
605 435 650 482 aut
661 428 690 481 in
700 427 770 482 Arae
780 427 892 498 templo
902 446 967 500 per-

158 507 225 560 iisse
239 513 441 560 concrematum
455 503 577 558 tradunt.
613 503 685 557 Haec
694 519 761 557 sane
771 504 968 558 contentiosus

158 581 234 635 solus
245 581 288 633 vir
298 588 387 651 potest
397 579 489 634 dicere
502 595 568 633 casu
579 577 727 650 contigisse
738 578 790 631 eis.
826 576 969 643 Quoniam

159 655 184 710 si
198 653 314 726 quidam
328 655 414 708 variis
428 652 600 725 temporibus
616 661 662 708 aut
676 652 739 707 aliis
754 652 913 724 suppliciis
924 671 970 708 ce-

159 728 398 802 stiguti'iuissent,
419 729 587 784 conveniens
600 736 658 782 erat
667 727 889 802 inconstantiam
899 745 969 800 quo-

158 821 214 875 que
223 821 304 859 casus
314 812 486 876 praetexere:
513 820 588 859 nuuc
598 810 689 858 autem
700 803 808 858 cunctis
819 803 913 858 simul
924 820 969 858 eo

159 879 223 934 dem
231 876 367 950 tempore,
383 895 474 950 neque
485 879 567 942 alias,
584 894 669 950 quam
678 878 788 949 quaein
800 877 969 950 legesiatu-

159 963 202 1008 tae
213 962 302 1017 erant,
319 971 420 1025 poenas
432 954 587 1017 luentibus,
604 953 732 1008 convenit
741 952 858 1008 omnino
874 952 966 1016 fateri,

159 1029 234 1099 quod
245 1029 290 1083 dei
301 1029 406 1084 iudicio
416 1030 547 1100 prehensi
557 1037 631 1082 simi.

214 1107 257 1159 29.
282 1103 362 1169 Quod
376 1105 401 1157 si
415 1104 544 1158 nonnulli
559 1120 594 1157 ex
607 1103 731 1175 tyrannis
745 1101 868 1173 reliquls
889 1103 966 1174 iique

160 1195 243 1250 supra
254 1178 479 1233 multitudinem
471 1186 646 1250 insurgentes
656 1178 966 1248 inqueservitutemre-

159 1253 286 1340 digentes
296 1271 350 1308 non
360 1253 450 1308 solum
463 1251 491 1340 [⁴⁶
490 1251 500 1327 ]
512 1253 630 1325 populos
641 1253 754 1316 alienos,
767 1268 870 1306 verum
882 1253 964 1308 etiam

159 1331 285 1401 regiones
304 1329 429 1416 proprias
448 1329 509 1382 sine
528 1327 676 1399 suppliciis
695 1327 779 1383 linem
799 1326 963 1389 habuerint,

159 1404 231 1458 nibil
250 1412 292 1458 est
312 1405 423 1458 mirum.
466 1402 590 1458 Primum
614 1402 688 1457 enim
708 1419 762 1457 non
780 1400 917 1458 similiter
937 1419 966 1456 ao

159 1479 241 1534 homo
254 1479 359 1534 iudicat
369 1479 452 1545 deus;
477 1479 545 1550 quia
555 1476 699 1533 manifesta
710 1494 759 1531 nos
770 1476 963 1547 exploramus,

159 1555 374 1627 illeverousque
384 1553 418 1609 ad
428 1553 561 1627 abyssum
570 1552 756 1627 adytumque
748 1560 894 1619 internum
906 1554 965 1607 ani·

159 1645 220 1683 mae
234 1639 381 1699 penetrans
395 1631 456 1685 siue
470 1628 528 1684 ullo
542 1628 673 1701 strepitu,
694 1626 810 1700 perinde
829 1636 917 1699 atque
935 1629 966 1682 in

158 1702 217 1758 sole
236 1704 390 1760 clarissime
407 1713 527 1759 mentem
542 1703 702 1776 perlustrat,
723 1701 871 1757 subductis
887 1702 966 1759 vela-

158 1777 297 1843 minibus,
319 1780 423 1850 quibus
436 1779 579 1852 tegebatur
594 1786 620 1833 et
634 1778 709 1833 nuda
719 1795 834 1833 cernens
844 1778 966 1833 consilia

158 1854 309 1908 voluntatis
323 1862 351 1908 et
365 1871 480 1909 noscens
494 1853 571 1909 illico
588 1852 657 1926 quid
671 1853 795 1927 ignobile
809 1870 842 1907 ac
856 1854 918 1909 vile
937 1864 967 1909 et

158 1926 227 1998 quid
237 1928 384 1998 probatum
393 1930 576 2017 electumque

213 2006 257 2056 30.
282 2002 365 2058 Nullo
379 2005 460 2060 modo
475 2004 568 2076 itaque
586 2010 710 2059 nostrum
726 2001 863 2057 iudicium
885 2002 966 2059 divi-

160 2094 195 2131 no
209 2084 422 2166 anteponamus,
444 2081 482 2134 ita
496 2088 527 2134 ut
542 2088 646 2133 certum
660 2078 732 2133 illud
746 2096 778 2133 ao
798 2076 963 2143 inlallibiIe,

159 2152 262 2223 optime
282 2155 431 2227 cogitatum
451 2171 483 2209 ac
501 2162 629 2209 constans
648 2170 708 2209 esse
723 2152 858 2207 dicamus.
901 2155 964 2208 Non

159 2236 200 2281 est
211 2230 285 2282 enim
295 2228 326 2283 id
337 2230 458 2293 licitum,
473 2246 525 2283 nec
536 2246 654 2283 sacrum.
683 2230 714 2283 In
724 2228 776 2283 hoc
787 2227 862 2283 enim
871 2228 964 2283 multa

158 2310 232 2367 sunt,
245 2320 316 2375 quae
326 2322 356 2360 ιιι
367 2321 485 2359 errorem
495 2300 786 2367 trabuntetdelrctum
799 2318 900 2357 sensus
908 2302 962 2360 fel

159 2376 246 2441 laces,
262 2380 418 2450 passiones,
435 2378 554 2434 msrdrae
564 2378 686 2433 malitiae
697 2388 737 2441 et
753 2374 828 2450 quod
843 2380 962 2450 gravius

159 2459 214 2515 est,
235 2454 376 2524 superbia
415 2453 768 2518 lnilloveronihilexiis,
789 2469 861 2523 quae
876 2452 963 2510 dece·

157 2526 261 2593 ptionrs
271 2536 336 2581 sunt
346 2526 484 2590 fallaciae
506 2528 556 2581 sed
571 2528 676 2583 iustitia
686 2536 713 2581 et
724 2527 839 2591 veritas
852 2529 960 2598 quibus

157 2597 327 2667 quicumque
339 2601 369 2653 in
384 2602 532 2655 certamine
547 2618 614 2657 usus
628 2602 725 2666 fuerit,
748 2601 829 2657 laude
844 2606 962 2661 rectitu-

157 2667 232 2720 dinis
243 2687 333 2724 ornarr
326 2673 529 2745 consuevit*).

159 2746 371 2765 Ἣ

155 2817 214 2854 Μ
206 2770 228 2813 “)
239 2782 263 2855 ἑ
264 2777 320 2859 aqui:
322 2786 371 2814 eru
378 2779 447 2823 metit
460 2780 602 2823 laudabiliter,
621 2782 750 2821 rectitudinis
756 2784 877 2831 proculum
884 2787 963 2827 eorm
