2050 3100
62 181 96 246 [1,
110 176 169 243 iit]
198 182 248 229 DE
265 180 539 230 Pliovmmmi
558 180 684 227 SERMO
703 182 733 229 11.
814 177 860 229 109

63 284 217 339 Altorvcro
226 298 316 341 sermo
326 279 513 345 medicinalis,
529 280 585 335 imo
595 290 625 336 ut
634 282 757 348 videtur,
769 282 862 353 philo-

63 357 198 430 sophicus
217 364 272 413 est:
299 356 355 410 Deo
374 355 521 411 convenire
540 356 607 411 haec
627 355 715 411 facere
733 356 863 413 dixerunt

61 451 114 505 pro
124 439 258 487 tormento
266 438 454 502 peccatorum,
475 430 548 485 sicut
560 430 772 502 imperatoribus
783 449 862 495 erere.

61 510 146 571 citus,
159 505 389 577 principibusque
399 504 537 559 cruciatus
543 522 574 560 ac
584 504 700 561 ferrum:
713 508 800 570 itaut,
812 508 863 578 qui

61 582 154 636 sedati
164 597 214 652 per
222 581 362 651 reliquum
370 579 500 651 temporis
510 579 599 635 solent
612 598 686 646 esse,
707 581 863 637 exacerbati

61 656 221 725 irritatiqne
231 656 287 710 sint
297 653 394 709 fortius
404 662 496 708 contra
504 670 574 718 reos,
587 672 656 726 quos
666 663 762 711 natura
772 656 802 711 in
812 656 863 712 tris

61 730 165 791 bunali
174 729 255 784 donis
266 728 471 800 incorruptibili
480 726 562 785 morti
573 729 722 797 damnayit.

124 840 182 892 ⁴05.
207 838 285 891 Domi
299 844 390 891 autem
402 836 520 890 latebras
531 837 586 891 sibi
598 840 761 893 constituere
770 840 862 910 potius

60 911 234 986 (animantia)
245 910 346 966 falsum
358 918 412 979 est3
444 910 669 983 quandoquidem
680 922 755 967 extra
766 914 863 969 urbem

59 991 92 1043 in
104 987 211 1058 campis
220 986 392 1057 desertisque
406 984 549 1050 videntur,
572 985 708 1058 fugientes
722 988 862 1042 bominem

60 1062 143 1128 velut
157 1061 310 1115 dominum.
347 1059 536 1115 Nihilominus
551 1061 602 1114 etsi
618 1078 671 1114 non
686 1060 753 1115 adeo
767 1062 803 1116 s‘it
813 1078 862 1115 ve-

61 1135 245 1201 rumphabet
261 1136 383 1207 aliquam
402 1134 548 1189 rationem:
584 1136 650 1204 quia
668 1136 698 1189 in
718 1134 862 1205 profundis

61 1213 134 1266 locis
149 1211 275 1278 obscuris
290 1209 448 1282 congeritur
461 1210 540 1280 copia
554 1209 782 1280 quisquiliarum,
804 1208 862 1262 fimi

62 1286 262 1356 stercorisque,
282 1286 311 1338 in
326 1301 397 1355 quae
413 1284 534 1355 irrepere
554 1285 736 1356 immergique
755 1291 859 1351 amant3

63 1362 175 1429 omitto,
191 1359 267 1429 quod
276 1359 357 1414 nidor
366 1373 478 1432 gravem
488 1359 547 1414 vim
557 1358 681 1432 habet*).
851 1354 853 1359 ’

123 1471 182 1521 too.
202 1466 280 1533 Quod
291 1469 315 1522 si
327 1467 491 1522 hirundines
501 1466 647 1523 nobiscum
658 1468 794 1532 habitant,
807 1484 871 1529 non·

64 1553 106 1598 est
116 1542 232 1612 mirum3
245 1544 312 1598 istas
323 1544 398 1597 enim
409 1544 540 1627 aucupari
550 1544 693 1608 nolumus:
705 1542 802 1599 salutis
814 1561 864 1598 au-

57 1630 119 1674 tem
134 1617 303 1685 desiderium
318 1619 417 1673 animis
432 1636 486 1672 non
499 1619 589 1674 solum
604 1619 791 1684 rationalium,
813 1619 863 1673 sed

63 1693 265 1761 irrationalium
280 1695 362 1747 etiam
377 1693 502 1748 innatum
517 1702 568 1748 est.
611 1695 653 1748 Ex
667 1694 724 1748 illis
738 1691 774 1768 [³¹⁶]
786 1687 860 1761 vero,

63 1786 136 1839 quae
147 1767 182 1837 ad
192 1784 274 1822 usum
288 1767 426 1823 fruitionis
441 1767 580 1832 feruntur,
602 1769 710 1823 nullum
725 1768 863 1824 cohabitat

64 1843 212 1905 nobiscum
229 1842 265 1896 oh
284 1851 444 1914 suspectum
462 1843 627 1898 insidiarum
647 1862 662 1898 a
682 1843 775 1912 nobis3
807 1844 863 1906 nisi

64 1917 115 1971 ubi
130 1918 247 1971 istorum
261 1934 329 1971 usus
343 1917 500 1988 prohibitus
516 1918 600 1974 fuerit
614 1919 684 1995 lege.

123 2009 182 2068 ici.
202 2008 332 2081 Regionis
343 2007 489 2082 Syriae**)
500 2009 637 2079 maritima
648 2009 714 2065 urbs
729 2016 770 2063 est
779 2007 864 2064 Asca-

64 2084 111 2137 lon
130 2083 251 2145 nomine.
290 2083 342 2137 Fui
361 2099 411 2155 ego
430 2083 472 2143 ibi
491 2092 625 2155 tempore,
647 2100 701 2154 quo
716 2085 745 2137 in
758 2084 862 2153 patriae

63 2157 199 2229 templum
216 2157 344 2213 mittebar
359 2157 555 2221 adorationem
570 2159 729 2228 hostiasque
748 2155 863 2218 offeren-

63 2232 125 2286 das.
164 2232 329 2295 Immensam
344 2233 437 2302 itaque
452 2232 641 2296 columbarum
656 2229 862 2284 multitudinem

62 2309 93 2360 in
109 2307 209 2377 plateis
224 2307 335 2377 viisque
349 2306 426 2368 iuxta
436 2321 658 2377 unamquamque
670 2304 781 2358 domum
790 2303 861 2362 vidi.

61 2381 244 2453 Interroganti
255 2381 326 2436 mihi
335 2382 468 2441 rationem
478 2380 609 2445 dixerunt
623 2377 762 2452 (incolae):
792 2377 861 2444 Quia
913 2403 916 2410 ·

113 2519 137 2568 ¹)
150 2520 223 2560 Verba
236 2521 340 2570 quaedam
354 2523 443 2561 obscura
455 2523 478 2560 in
490 2523 532 2560 bac
540 2521 641 2569 periocha
650 2519 794 2566 occurrebant,
808 2525 863 2567 queo

62 2572 89 2611 ad
102 2581 193 2612 senium
205 2572 271 2611 triam
284 2573 406 2612 reducenda
417 2573 547 2612 existimavi.
572 2569 653 2610 Aucti.

111 2622 149 2669 ⁸¹)
166 2622 209 2661 Pro
221 2622 287 2669 cussa
299 2624 322 2662 in
334 2622 395 2662 Arm.
412 2621 525 2670 aliquando
541 2622 631 2662 habetur
640 2620 739 2668 valisatio,
763 2621 863 2668 qnoniam
875 2659 880 2669 ,

63 2677 180 2720 utrumqne
193 2682 272 2711 nomen
285 2673 341 2721 apud
353 2673 465 2712 Armenios
477 2673 552 2720 incipit
564 2672 639 2711 eadem
651 2669 730 2710 vocali:
749 2680 778 2710 sc.
788 2671 863 2710 Arorst

63 2723 158 2773 (Syria),
174 2724 294 2762 mornaco
307 2723 421 2773 (Assyria).
448 2722 528 2762 Auch.
543 2731 545 2736 ·
