2050 3100
177 180 225 232 llo
396 177 582 225 rmeoms
604 175 743 222 IUMBI
874 169 910 237 [1,
923 169 981 235 tlt]

176 283 316 340 nonlicet
333 279 415 336 nobis
433 279 497 334 illas
516 292 627 348 cepere,
653 274 789 347 quoniam
807 274 979 346 prohibuere

176 362 294 416 maiores
308 354 508 411 habitatoribus
523 351 608 407 huius
628 351 748 405 civitatis
768 367 853 404 usum
873 368 977 406 eurum.

177 436 253 490 Adeo
271 441 362 488 autem
382 428 518 484 lamiliare
536 435 579 482 est
597 425 699 482 lectum
714 426 843 480 mimano
856 425 936 482 illud
947 425 977 480 ob

178 510 315 566 detectam
325 513 429 566 metus.
444 511 540 558 utnon
551 501 640 556 solum
651 499 777 556 eiusdem
786 501 871 565 teeti,
884 517 977 557 verum

178 586 259 639 etiam
269 580 395 635 eiusdem
404 594 517 633 merrsae
527 577 664 648 particeps
675 591 785 647 semper
792 577 977 648 oomperistur

176 668 204 712 et
213 658 249 712 de
259 671 342 709 mnu
351 652 585 724 aecipiatoibum.

236 750 293 802 tot.
318 745 420 800 Verum
440 744 469 798 in
486 743 611 816 Aegypto
628 741 721 795 adhue
740 742 833 814 magis
852 741 975 796 mirabile

177 823 272 878 videre
290 828 347 875 est:
381 819 449 890 quia
467 819 613 884 hominnm
633 816 780 872 devorator
800 815 975 888 lerummque

177 898 297 971 pessima
311 894 481 958 erooodilns,
502 910 591 964 quum
605 900 732 948 nascatur
746 893 974 964 nutriamrquaiu

178 971 336 1030 admirabili
353 970 431 1034 Nilo,
459 969 588 1024 utilitatis
606 967 786 1038 (qmmquam
805 975 851 1022 est
871 969 904 1022 in
922 985 975 1040 pro

177 1048 263 1105 fundo
271 1045 387 1120 degens)
397 1043 505 1116 aliquid
521 1045 681 1114 praesentit.
720 1040 804 1112 Apud
816 1059 895 1113 quos
910 1044 976 1098 enin

177 1124 346 1186 Ικοηοηειιτ,Ι
358 1121 448 1192 magis
463 1118 630 1190 frequentat;
663 1116 799 1188 aquibus
814 1135 885 1172 vero
901 1118 977 1174 odeu-

178 1200 267 1264 ditur‚
287 1213 378 1268 neque
393 1196 423 1250 in
434 1191 471 1268 [*]
481 1210 579 1248 somno
592 1191 716 1248 videaur:
747 1192 786 1246 ita
799 1195 895 1264 utqui
906 1195 977 1249 navi-
1003 1213 1004 1230 1

178 1283 258 1349 gant,
281 1273 334 1327 etsi
353 1269 545 1332 audacissimi,
566 1285 656 1339 neque
677 1267 883 1324 extremitatem
902 1269 977 1342 digiti

178 1351 298 1405 audeant
311 1347 444 1402 inclinare
458 1343 622 1416 (inaquam)
635 1343 771 1416 gregatim
791 1342 977 1408 irruentibus3

178 1425 228 1479 ubi
248 1432 338 1479 tamen
359 1430 386 1476 et
403 1420 487 1475 nimis
505 1418 597 1473 timidi
612 1419 756 1473 incurrunt
768 1425 929 1492 nutantque
944 1420 979 1475 lu·

178 1497 279 1555 dendo.

238 1588 295 1638 ⁴09.
318 1584 430 1639 Falsum
446 1600 524 1647 vero,
546 1582 575 1636 iu
590 1564 660 1637 terre
675 1580 826 1655 Cyclopum
843 1580 947 1655 (quum
960 1592 980 1637 et

179 1660 380 1736 gensipsorum
390 1658 464 1713 fictio
474 1657 584 1713 fabulae
594 1656 639 1729 sit)
657 1657 717 1711 sine
732 1656 923 1714 seminatione
938 1659 980 1713 ho
1002 1662 1003 1673 ¹

179 1734 359 1804 minibusque
372 1742 472 1789 terrem
487 1730 642 1789 colentibus
659 1731 843 1787 domesticum
863 1732 981 1789 fructum

179 1810 271 1872 nasei,
283 1824 370 1879 quum
380 1825 416 1862 ex
425 1807 514 1863 nihilo
523 1806 595 1862 nihil
603 1814 760 1881 generetur.
789 1806 913 1863 Hellade
923 1824 980 1863 vero

179 1902 234 1941 non
249 1883 377 1938 eonvenit
387 1899 516 1937 accusare
526 1882 604 1938 velut
612 1884 719 1937 tristem
728 1880 980 1955 infoecundsmque

178 1960 333 2033 regionem3
354 1958 440 2012 multa
450 1958 525 2014 enim
535 1958 565 2012 in
575 1975 606 2013 ee
617 1966 658 2011 est
668 1958 737 2012 terr'a
748 1957 877 2029 pinguis.
907 1957 980 2026 Quod

178 2038 204 2090 si
218 2034 334 2090 barbara
348 2048 416 2105 gens
432 2031 555 2088 abundet
568 2031 707 2087 feracitate
718 2030 830 2103 frugum
841 2040 930 2105 eque
939 2051 980 2088 su·

180 2118 257 2184 perat
270 2108 451 2163 delectatione
465 2108 540 2163 vitae
554 2106 658 2171 felicis,
680 2114 753 2161 caret
766 2116 860 2161 tamen
872 2110 979 2181 sapien-

179 2188 255 2241 tibus
271 2183 354 2248 viris‚
375 2200 493 2255 quorum
508 2180 752 2255 senegratialaote
762 2189 828 2235 sunt
838 2182 978 2239 alimenta.

179 2262 289 2317 Etenim
307 2259 368 2315 sine
383 2257 526 2313 mendacio
541 2258 634 2311 llellas
648 2256 706 2312 sole
719 2256 868 2311 hominum
882 2275 979 2331 prope-

179 2338 272 2409 gatrix
291 2343 346 2399 est,
370 2333 464 2405 planta
481 2332 608 2387 caelestis
628 2341 654 2387 et
673 2349 785 2406 germen
804 2330 976 2393 admirabile.

180 2419 282 2464 certam
302 2425 451 2478 veramque
469 2407 683 2479 intelligentiam
697 2422 845 2478 procreans
861 2406 978 2463 familie-

178 2501 237 2537 rem
253 2484 398 2549 seientiam
431 2483 461 2536 in
475 2498 559 2535 eausa
570 2490 611 2538 est
622 2490 713 2537 eutem
724 2480 837 2537 subtilis
846 2498 979 2552 rarusque

179 2560 238 2618 aer,
259 2572 315 2627 quo
330 2573 409 2610 mens
421 2556 483 2610 aeui
497 2557 652 2611 oonsuevit.
689 2555 878 2622 Quamobrem
893 2566 921 2612 et
930 2558 980 2611 lle·

178 2629 292 2682 raelitus
303 2645 357 2682 non
366 2630 453 2701 gratis
464 2646 495 2683 eo
504 2630 660 2685 inconsulto
670 2630 755 2687 dixit:
784 2632 818 2687 In
828 2640 903 2687 tem
911 2637 979 2687 sicca

178 2707 282 2752 antinus
292 2711 329 2755 eat
336 2709 441 2769 sapietis
450 2721 482 2757 ao
491 2707 597 2759 virtutis
606 2722 707 2761 anum.
