2050 3100
155 195 202 247 Ηθ
278 198 375 243 PHIL.
394 197 468 243 IUD.
488 195 650 253 QUAEST.
669 194 719 238 ET
740 195 828 239 SOL:
846 189 959 257 [Π,299.]

156 396 235 455 Quare
255 396 413 461 iuterroyunti
428 393 576 445 Atimeleolr:
603 431 620 457 „
631 393 696 451 Quid
710 394 802 458 videti,
823 395 883 459 quid
892 397 959 461 feei·

219 466 252 515 eti
265 464 349 514 Ῐιοεῖα
374 461 509 527 respondit:
536 460 627 525 „Nom
645 462 733 511 veritus
745 478 808 525 aum,
828 463 895 527 quod
910 480 959 512 oon

219 533 250 581 eit
267 531 324 581 deus
341 532 366 581 in
384 530 434 580 loeo
452 530 507 593 too,
536 530 580 579 aed
588 529 724 594 fraudatus
737 546 836 593 pereant
844 532 878 579 “t
900 532 958 594 (20,

223 600 293 662 los.)

209 736 251 789 67.
277 736 337 790 Non
350 750 460 790 omnem
474 735 618 790 veritatem
632 734 762 789 convenit
774 734 867 787 dicere
878 734 959 805 apud

151 828 256 865 omnes.
306 809 490 877 Quamobrem
513 819 540 865 et
559 809 677 881 Sapiens
699 826 773 864 nuno
792 816 875 863 totam
896 826 960 864 rem

152 886 276 957 disponit
286 886 455 957 exponitque
466 885 520 939 alio
531 884 612 940 modo
622 884 700 939 velut
710 886 852 939 nominum
863 892 961 939 muta-

151 962 235 1016 tione.
276 960 390 1021 Sciebat
401 961 475 1016 enim
495 976 610 1015 uxorem
630 959 705 1013 haud
725 958 960 1030 corrumpendam

151 1053 226 1104 esse;
257 1036 287 1090 id
301 1044 393 1091 tamen
408 1053 462 1091 non
478 1034 592 1100 fatetur,
607 1032 643 1109 [*]
655 1034 705 1089 sed
716 1035 807 1105 potius
818 1033 893 1105 quod
905 1034 960 1089 de-

151 1111 231 1167 cebat
250 1112 448 1185 interrogantes
469 1111 579 1165 audire:
614 1119 645 1163 ut
664 1109 816 1181 gaudentes
837 1108 871 1163 de
893 1110 957 1167 itio.

151 1187 226 1259 quod
246 1188 307 1259 ipse
327 1195 439 1259 putatus
461 1193 502 1241 est
522 1184 637 1258 probare
657 1194 745 1239 terrae
760 1184 837 1238 illius
853 1183 961 1239 bonam

150 1264 320 1318 voluntatem
341 1262 413 1317 cirea
433 1262 539 1317 cultum
559 1260 686 1315 divinum
702 1258 958 1330 verecundiamque

151 1355 216 1411 erga
230 1339 405 1411 peregrinos,
426 1336 471 1391 his
485 1335 614 1390 studeant
627 1335 715 1406 magis
727 1351 758 1388 ao
768 1335 870 1407 magis,
891 1335 959 1406 pie-

150 1416 200 1467 tati
210 1414 344 1468 nimirum
354 1420 380 1467 et
391 1411 566 1469 humanitati.

155 1617 219 1675 Quid
235 1629 269 1667 est
286 1618 406 1680 „Etenim
424 1629 477 1670 vete
494 1636 563 1671 soror
580 1636 634 1668 meo
651 1630 685 1669 est
702 1620 731 1670 de
744 1629 828 1684 patre,
848 1618 893 1667 sed
907 1636 958 1668 non

194 1704 223 1735 ex
240 1695 328 1746 ruotre3
351 1687 426 1750 faeta
444 1693 478 1734 est
496 1695 573 1735 autem
591 1687 649 1736 milei
664 1689 763 1736 uxor“t
781 1689 834 1752 (20,
858 1687 911 1746 12.)

207 1824 249 1874 68.
281 1821 382 1875 Littera
397 1821 463 1874 setis
479 1821 595 1876 evidens
610 1831 661 1876 est.
700 1822 742 1877 Ad
757 1830 877 1877 mentem
887 1839 959 1877 vero
997 1832 1000 1838 “

150 1897 235 1949 nimis
254 1896 378 1950 naturale
398 1895 538 1967 quoddam
559 1897 641 1952 dicit:
671 1897 807 1952 inducens
820 1896 958 1952 videlicet

149 1971 294 2040 virtutem,
323 1987 393 2042 quae
409 1980 450 2028 est
464 1973 599 2028 veraciter
614 1980 700 2029 matre
717 1990 813 2031 carens
828 1980 855 2026 et
870 1971 958 2026 femi-

149 2045 194 2101 nei
210 2046 321 2118 generis
338 2054 443 2119 partem
458 2048 563 2103 nullam
584 2047 680 2112 habet,
707 2065 721 2102 a
741 2049 799 2103 solo
817 2048 956 2102 seminata

148 2121 343 2176 universorum
353 2131 439 2195 patre,
451 2123 567 2178 minime
577 2123 707 2196 indigens
717 2124 847 2181 materiae
857 2122 894 2177 ed
903 2139 958 2196 ge-

148 2197 318 2252 nerationem
338 2215 427 2253 suam.
466 2197 561 2252 Virtus
576 2206 667 2253 autem
683 2198 791 2253 honesti
806 2207 861 2252 tem
876 2215 958 2253 soro-

148 2273 201 2334 ris,
214 2289 298 2342 quam
307 2274 402 2329 uxoris
413 2273 496 2328 hebet
505 2274 740 2346 praerogativam:
760 2273 871 2337 sororis,
884 2274 956 2344 quia

147 2354 226 2418 pater
236 2363 308 2403 unus
319 2357 360 2404 est
369 2350 453 2403 unius
465 2349 647 2420 alteriusque,
669 2349 719 2420 qui
732 2349 825 2403 omnia
835 2365 956 2420 genera-

148 2423 202 2489 vit;
236 2430 262 2477 et
276 2422 385 2488 uxoris,
406 2424 472 2495 quie
486 2441 567 2479 omne
582 2422 657 2495 quod
672 2423 702 2477 fit
717 2423 872 2478 seeundum
885 2441 957 2478 eon-

148 2498 332 2563 iunotionem,
353 2515 423 2554 uxor
433 2498 546 2553 dieitur.
585 2498 764 2570 Itaquevitae
775 2515 887 2552 oonsors
899 2507 952 2563 est,

150 2573 241 2627 iustus
251 2571 387 2637 iustitiae,
410 2582 436 2628 et
451 2573 569 2629 stolidus
582 2573 757 2636 stoliditatis,
782 2571 862 2627 fortis
874 2572 957 2628 forti-

148 2646 269 2712 tudinis,
282 2656 309 2703 et
318 2665 402 2703 sanus
413 2657 503 2703 mente
513 2648 614 2702 mentis
624 2647 764 2711 sanitatis,
777 2655 804 2702 et
812 2649 879 2718 pius
889 2649 956 2718 pie-

148 2721 226 2785 tatis,
244 2731 271 2777 et
280 2724 445 2794 simpliciter
455 2724 566 2795 sapiens
579 2720 740 2792 sapientiae.
