2050 3100
81 176 189 243 [tntu]
256 183 297 228 IN
318 183 496 229 GENESIN.
511 182 639 230 SERHO
656 184 700 231 ΠΙ.
847 182 880 234 33

78 284 144 347 ctis,
165 285 195 339 in
209 282 332 355 singulis
345 282 580 358 reprehendentes
594 292 694 341 certam
713 284 881 343 determina·

76 359 179 412 tionem
189 357 299 429 placiti.

77 510 159 569 Quare
184 512 256 568 ds'ct't:
294 512 423 577 „Vocavs't
446 524 524 564 antem
551 513 650 581 (Aper)
676 532 759 568 noman
784 515 879 580 domini,

144 582 189 644 qm'
205 581 348 644 loquabatur
365 581 400 630 ad
411 598 477 631 eam:
506 580 545 631 ab
557 582 625 645 daus,
645 583 687 647 qui
699 584 825 647 respexisti
836 600 879 633 ma.

143 646 308 779 &alguque
338 648 434 699 Etenim
452 666 532 699 coram
549 649 600 699 aad?
614 661 767 715 apparentem
787 651 883 701 mibi‘w

131 819 178 872 di·
199 816 325 873 Observa
341 818 462 888 primum
477 820 645 885 accuratius,
661 820 737 892 qnod
747 818 883 893 (angelus)

70 891 109 945 ad
120 891 241 946 modum
252 890 369 947 ancillae
380 893 532 964 sapientiae
545 895 670 949 minister
684 904 742 950 erat
756 912 791 950 ax
805 903 883 967 parte

71 964 168 1040 dei*).
191 962 231 1054 [Ἴ
253 964 344 1033 Quare
358 974 450 1021 tamen
465 965 604 1039 (dominus
617 987 641 1025 s.
658 969 737 1043 deus)
757 971 883 1025 nomina-

3 1043 6 1109 t
69 1048 134 1105 tur,
148 1058 201 1112 qur
213 1040 358 1095 vocandus
368 1039 470 1113 tuit**)
480 1042 613 1115 angelus?
633 1044 668 1098 Ut
677 1060 809 1115 personae
818 1062 884 1116 pro-

2 1122 3 1127 ’
70 1117 155 1186 priae
167 1132 227 1171 rem
239 1114 317 1188 (ipsi)
328 1115 481 1186 adaptaret:
504 1118 619 1172 decebat
629 1120 704 1172 enim
714 1120 884 1188 superiorem

3 1215 4 1238 t
68 1190 296 1263 principemque
315 1190 509 1257 universorum
529 1191 613 1246 deum
629 1208 760 1268 apparere
773 1193 885 1263 sapien-

68 1267 144 1328 tiae,
168 1265 251 1319 illins
262 1265 705 1330 auternvarbumutministrum,
728 1265 843 1320 anciliae
854 1283 886 1320 ac

69 1338 200 1394 famulae
217 1340 382 1412 sapientiae.
420 1341 487 1395 Eam
502 1358 569 1396 vero
583 1339 667 1395 deum
676 1347 788 1413 putasse
801 1358 886 1414 ange-

71 1414 136 1469 lum
147 1422 259 1470 nonest
273 1414 387 1481 frustra3
413 1417 462 1486 qui
474 1417 549 1470 enim
559 1423 700 1487 nequeunt
709 1415 826 1490 primam
840 1418 886 1471 in-

69 1491 150 1545 tueri
172 1506 303 1554 causam,
326 1489 427 1544 accidit
441 1490 533 1564 decipi
550 1499 577 1546 at
591 1490 745 1546 secundum
762 1492 896 1563 primum·

72 1567 239 1621 aestimare.
279 1563 517 1631 Quemadmodum
527 1568 576 1639 qni
587 1567 708 1625 debilem
725 1566 777 1622 fert
791 1569 885 1623 visum

71 1641 199 1695 etillum
211 1639 302 1712 quiin
313 1641 535 1696 caeloestsolem
548 1660 692 1715 corporeae
706 1643 809 1715 speciei
824 1659 886 1697 cer-

72 1731 143 1770 nere
159 1715 274 1786 nequit,
296 1715 406 1770 radium
420 1715 564 1772 cadentem
578 1734 662 1789 snper
675 1725 776 1772 terram
787 1717 886 1771 existi-

73 1797 137 1844 mat
156 1791 253 1860 ipsum
273 1807 333 1845 esse
353 1791 450 1845 solem.
489 1792 524 1847 Et
539 1793 709 1864 quicumque
722 1808 816 1865 regam
830 1806 885 1845 non

74 1862 218 1928 viderint,
243 1864 383 1935 praefecto
399 1873 426 1920 et
440 1865 629 1921 subministris
649 1866 783 1922 exhibent
800 1866 885 1938 primi

75 1939 156 2011 regis
168 1938 344 2012 dignitatem.
384 1940 466 1994 Enim
476 1959 542 1997 vero
551 1950 579 1997 et
588 1942 691 1997 silvani
701 1959 733 1996 ac
742 1941 824 1996 ferini
835 1942 886 1996 ho·

75 2014 187 2076 mines,
209 2013 309 2069 urbem
323 2031 415 2086 neque
429 2014 464 2070 de
479 2017 638 2072 summitate
651 2015 771 2088 quadam
784 2015 885 2070 viden-

76 2096 135 2152 tes,
163 2087 263 2142 villam
283 2098 330 2144 aut
350 2091 450 2144 atrium
470 2091 568 2146 urbem
587 2108 716 2163 magnam
734 2091 887 2146 coniiciunt

77 2177 157 2229 asse;
182 2171 210 2220 ct
220 2179 267 2218 cos
278 2165 328 2234 qui
338 2164 399 2218 illic
408 2174 485 2231 sunt,
498 2168 575 2222 cives
585 2166 664 2222 urbis
673 2183 802 2239 magnae,
818 2182 885 2237 prae

78 2236 240 2308 ignorantia
250 2237 373 2310 proiecto
383 2256 463 2294 verae
473 2241 561 2297 urbis.

133 2411 155 2456 ¹)
166 2419 183 2449 s.
193 2411 254 2458 Aper
262 2413 315 2454 stent
323 2413 402 2453 andita
410 2415 615 2464 raptentiaessmata
624 2417 669 2453 nat
678 2417 740 2456 ettam
750 2417 790 2456 det.
803 2413 885 2455 Auen.
950 2432 953 2439 ·

133 2475 170 2522 ⁵¹)
183 2487 201 2516 s.
215 2477 257 2517 Cirr
266 2481 351 2528 enpanti
361 2481 404 2520 tam
413 2483 477 2520 dictata
486 2483 542 2530 snit,
557 2483 594 2530 qut
604 2482 730 2522 invocandus
744 2486 789 2521 arco
802 2485 835 2525 (ut
848 2483 885 2519 do-

82 2527 269 2575 macidane).
296 2529 424 2580 nxptsnatto
438 2531 551 2572 orassent:
570 2534 675 2578 „Attm
684 2535 806 2581 attinentes:
820 2541 886 2579 prae·

83 2577 161 2614 didam
168 2586 285 2619 amoenam
294 2579 410 2631 confimat.
436 2582 493 2622 stant
502 2584 556 2621 esim
564 2584 625 2630 auor
633 2583 710 2622 analio
720 2586 765 2622 arat
774 2583 842 2620 saraa
850 2590 885 2618 aa·

81 2627 169 2674 uam,
179 2629 376 2677 'mummius
386 2635 431 2672 erat
440 2635 474 2672 aaa·
486 2634 580 2680 metas.
608 2632 667 2677 Quod
678 2635 697 2671 at
709 2641 752 2670 oon
763 2633 794 2668 tta
802 2632 885 2676 Meet,

84 2686 151 2724 ΜΝ
164 2679 261 2726 tapetum
271 2683 331 2720 &arn
343 2687 437 2722 vocarat:
456 2686 515 2732 potet
528 2683 584 2731 qnod
595 2684 717 2730 imperfecto
730 2682 775 2718 erat
787 2689 886 2726 persono,

84 2727 138 2765 stem
148 2729 168 2765 at
176 2731 302 2769 nummata
312 2735 409 2779 testetur,
420 2735 471 2784 qnia
479 2733 557 2773 cudda
565 2735 669 2778 arctoos
679 2730 790 2768 romanon·
808 2727 888 2767 Aucta.

120 2775 234 2828 Panno
254 2781 312 2832 vn.
661 2783 682 2829 G
