2050 3100
176 171 223 223 tot
298 176 396 221 amn.
415 176 489 221 run.
510 164 672 232 Qurns‘v.
690 177 741 221 n‘r
760 176 842 221 soc.
866 169 988 235 [ψει]

174 292 292 347 rumque
305 276 482 340 animalium,
501 275 617 331 influere
630 276 699 331 dicit
712 276 831 348 sulphur
844 282 871 329 et
882 275 986 348 ignem

174 353 204 405 in
219 352 421 422 corruptionem
439 352 648 415 universorum,
674 368 745 421 quae
764 352 793 405 in
813 359 887 404 terra
902 359 984 413 sunt,

173 425 382 499 utdemonstret
391 435 546 499 temporum
560 442 768 497 annuarumque
782 432 986 495 tempestatum

175 518 286 555 causam
297 518 351 555 non
363 502 470 556 caelum
481 518 543 560 esse
553 518 604 555 nec
613 501 700 555 solem
710 517 800 571 noque
807 508 985 554 caeterorum

175 576 299 629 siderum
314 576 428 631 chorum
438 577 649 640 circumactum,
675 575 725 629 sed
737 575 824 647 patris
833 576 981 637 virtutem,

176 667 246 721 quae
257 651 414 721 supersedit
424 658 565 723 tamquam
575 668 660 723 super
669 668 766 709 currus
777 650 876 713 alatos,
895 666 984 720 supra

176 734 263 779 totum
274 726 423 789 mundum,
446 744 545 799 regens
554 726 636 780 illum
649 725 736 789 inid,
757 723 863 797 quod*)
876 724 983 778 melius

176 800 330 871 utiliusque
351 801 507 859 arbitratur.
552 801 658 855 Iudicat
676 802 758 855 etiam
781 800 851 853 mira
870 807 984 869 patrare

176 893 273 946 opera,
304 892 358 929 non
378 892 449 947 quae
469 883 596 930 constans
616 876 668 931 lert
686 874 855 930 consuetudo
874 890 980 938 annua,

179 950 229 1004 sed
249 950 277 1006 vi
298 949 418 1021 quadam
442 952 614 1022 praepotenti
637 968 668 1005 ac
691 950 834 1005 arbitraria
854 965 983 1003 commu-

175 1034 237 1079 tans
253 1026 399 1090 elementa,
419 1035 571 1097 utcumque
585 1028 640 1081 iarn
655 1026 736 1089 velit,
758 1026 850 1080 omnia
864 1025 982 1100 univer7

177 1102 241 1154 sim.
282 1100 428 1172 Siquidem
438 1120 474 1157 ex
484 1110 581 1157 natura
591 1102 652 1157 leve
666 1109 707 1156 est
717 1100 847 1172 sulphur,
869 1100 945 1155 sicut
956 1108 982 1153 et

177 1178 266 1249 ignis;
295 1186 484 1233 verumtamen
501 1177 538 1232 ob
554 1173 777 1231 maledictionem
794 1192 865 1231 nova
878 1192 982 1246 perpe-

177 1259 299 1306 traturus
314 1253 468 1307 demutavit
481 1254 511 1305 in
528 1259 633 1306 motum
652 1252 832 1314 contrarium,
860 1248 981 1321 desuper

178 1344 279 1398 cogens
295 1328 339 1383 vel
356 1328 448 1398 ipsum
463 1327 638 1382 levissimum
651 1325 716 1381 terri
735 1325 769 1381 ad
782 1325 980 1399 gravissimum

177 1401 343 1473 entium**).

235 1491 369 1546 Convenit
383 1499 474 1546 autem
486 1492 605 1547 dubium
619 1492 727 1556 subire,
749 1509 798 1546 our
808 1492 915 1545 scilicet
925 1508 980 1546 uon

178 1566 282 1620 incolas
298 1567 384 1632 solos,
405 1581 492 1638 quum
507 1569 554 1622 isti
565 1569 740 1640 iniquitatem
754 1568 980 1639 impietatemque
1018 1598 1019 1603 =

178 1649 349 1706 exercerent,
365 1639 401 1729 [Ἴ
414 1644 550 1714 corrupit,
572 1645 762 1698 verumetiam
773 1643 855 1697 urbes
868 1642 981 1697 domos·

177 1733 232 1787 que
252 1725 278 1770 et
299 1733 392 1771 omma
415 1717 664 1775 aediliciaevertit
685 1727 712 1773 et
734 1716 896 1772 combussit.
935 1717 980 1778 Ad

179 1791 253 1862 quod
264 1791 427 1856 dicendum,
449 1794 523 1865 quod
538 1803 580 1848 est
594 1795 687 1865 aliqua
701 1794 731 1847 in
746 1801 842 1848 natura
856 1793 980 1847 locorum

179 1867 436 1939 habitationumque
447 1870 529 1933 ratio,
551 1870 588 1940 ita
600 1877 630 1923 ut
640 1868 687 1922 hic
696 1868 886 1940 praerogativa
897 1885 980 1939 prae-

179 1942 288 1997 valeant
307 1961 371 1998 cum
388 1943 574 2016 utilitatem)
594 1951 675 2014 atque
694 1943 809 2006 honore,
835 1943 894 1997 illic
913 1961 979 1998 vero

180 2018 324 2071 contraria.
364 2016 498 2083 Quoniam
512 2018 562 2072 ubi
573 2019 711 2089 sapientes
724 2016 842 2090 degunt,
865 2034 980 2072 venera-

178 2089 236 2144 bile
256 2109 288 2145 ac
307 2092 453 2146 honestum
472 2109 572 2147 nomen
591 2101 703 2165 gerunt,
731 2100 851 2163 suntque
870 2094 976 2158 merito,

180 2166 307 2230 concilia,
319 2166 421 2237 templa
432 2175 593 2239 caeteraque
604 2168 676 2234 loca;
699 2167 747 2222 ubi
759 2185 824 2222 vero
835 2167 980 2222 diversan-

180 2249 224 2292 tur
235 2238 384 2309 impudici,
406 2240 487 2310 impii
503 2250 530 2295 et
545 2243 649 2313 iniqui,
672 2243 730 2296 loca
744 2259 855 2314 quoque
869 2258 979 2314 compe-

178 2315 287 2366 riuntur
297 2313 440 2367 immunda
451 2322 478 2368 et
487 2315 683 2391 abominabilia
695 2318 772 2373 velut
781 2317 881 2373 inlecta
889 2316 978 2372 foedi-

228 2483 251 2530 Ι’)
265 2495 282 2523 s.
296 2485 472 2533 usurpantium,
487 2491 544 2536 qood
552 2494 588 2529 etc.
614 2489 724 2531 bucher.

179 2550 317 2640 Aucnliird'
339 2560 358 2590 c.
378 2552 401 2590 to
422 2556 511 2601 emam,
539 2567 592 2605 quae
613 2560 759 2606 orcaucimcm
779 2563 809 2599 eat
827 2561 976 2617 etnrpntorvm.

213 2716 217 2724 '
229 2665 277 2711 m)
290 2665 325 2725 Ad
333 2668 434 2707 verbum
447 2675 542 2717 praedor
553 2683 689 2712 consensum
699 2675 976 2716 cemimusesseeommodt·

179 2717 225 2752 totcs
235 2715 269 2753 vel
279 2717 372 2756 utilitatis
382 2718 404 2758 in
413 2728 498 2768 genere.
525 2722 637 2762 Aucher.
