2050 3100
45 292 145 363 [1,24]
195 298 245 342 DE
264 296 539 344 PROVIDENTIA
558 298 721 344 SERMOI.
820 297 852 347 33

111 401 156 454 49.
176 396 256 464 Quod
264 399 289 450 si
299 397 363 468 quis
373 413 427 451 non
437 396 508 451 hanc
520 414 579 452 esse
590 396 692 454 dixerit
700 400 760 454 eius
774 408 854 455 natu-

46 492 129 539 ram,
145 481 176 528 ut
186 472 255 527 haec
265 489 373 545 semper
382 473 411 526 in
421 489 451 526 se
460 472 572 536 babeat,
589 481 616 526 et
626 474 692 529 inde
702 474 760 538 det,
779 474 854 531 unde

46 551 153 613 habet,
170 547 344 620 interrogabo
353 563 406 619 ego
415 564 477 602 eum
490 547 542 603 hoc
552 547 646 618 modo:
678 549 708 604 Si
722 550 771 620 qui
782 551 855 605 acci-

47 630 111 698 pit,
126 640 214 694 quum
224 624 285 694 ipse
295 640 358 694 pars
369 623 462 692 aliqua
472 623 509 677 sit
519 622 617 678 mundi
627 625 769 695 partisque
779 642 852 696 pars,

47 699 192 774 providus
212 713 272 752 esse
295 698 416 761 videtur,
438 697 575 770 quomodo
594 699 642 753 ille
657 717 711 754 non
725 701 777 754 erit
790 717 855 771 pro-

48 775 150 838 vidus,
162 774 212 844 qui
223 781 311 827 creata
320 773 388 827 haec
397 770 467 827 dona
478 772 637 827 bominibus
648 773 732 838 affert,
745 775 855 845 quando

49 850 101 906 vel
117 850 193 920 ipse,
216 849 266 919 qui
277 848 370 904 abillo
381 847 449 902 baec
459 847 573 919 accipit,
585 897 588 903 .
593 849 727 919 providus
738 867 799 905 esse
808 867 855 905 co-

48 921 217 999 gnoscitur‘?

113 1051 157 1102 50.
176 1048 253 1102 Dicat
262 1046 332 1099 mibi
341 1045 492 1116 Epicurus,
508 1053 642 1117 quotquot
653 1048 713 1118 ipse
728 1051 855 1121 scriptio-

50 1140 107 1180 nes
123 1120 224 1186 edidit,
245 1129 339 1176 utrum
354 1137 389 1174 ex
401 1121 575 1191 providentia
585 1122 775 1192 sapientiaque
785 1125 855 1178 scri·

48 1197 157 1273 pserit,
177 1214 211 1250 an
225 1197 285 1250 sinc
299 1194 452 1268 sapientia?
481 1196 511 1250 Si
526 1197 600 1249 enim
611 1196 671 1250 sine
681 1197 854 1268 providentia

47 1273 247 1345 sapientiaque
257 1272 382 1342 scripsit,
397 1287 467 1324 anne
477 1269 533 1324 sibi
543 1270 646 1342 gloriae
656 1271 771 1336 tribuet,
784 1289 855 1343 quac
948 1287 951 1298 ¹

48 1348 169 1419 scripsit
188 1345 441 1409 huiusmodikssc,
463 1354 493 1399 ut
507 1345 642 1416 sapientia
659 1353 686 1400 et
706 1345 854 1418 disciplina

48 1425 188 1480 destituta
202 1439 262 1476 essc
278 1418 442 1484 videantur?
469 1419 547 1486 Quod
561 1421 586 1474 si
596 1421 734 1491 sapienter
744 1422 856 1493 scripsit

50 1509 139 1571 atque
148 1495 307 1569 prudenter,
322 1491 458 1567 q'uomodo
469 1496 579 1567 sapiens
592 1496 651 1561 erit,
664 1495 739 1568 quod
749 1512 803 1553 non
814 1505 855 1553 est

49 1592 90 1632 ex
100 1574 251 1645 sapientia,
273 1580 320 1625 aut
333 1571 495 1643 providum,
517 1570 655 1641 quodnon
666 1570 855 1645 estexprovi-

49 1647 169 1706 dentia‘?
197 1646 343 1718 Siquidem
356 1662 411 1701 non
422 1646 482 1719 (est)
492 1647 627 1717 sapientia
636 1648 695 1701 sinc
705 1648 855 1720 providen-

48 1728 107 1790 tia,
124 1739 216 1795 neque
226 1721 400 1793 providentia
410 1723 470 1776 sine
481 1722 625 1792 sapientia.

111 1852 143 1903 54
150 1890 156 1901 .
179 1845 216 1921 [Ἴ
229 1846 307 1913 Quod
317 1848 343 1901 si
353 1848 421 1902 haec
431 1849 469 1901 ita
479 1864 510 1901 se
520 1847 631 1913 habent,
643 1846 773 1902 fatebitur
783 1856 854 1903 certe

50 1924 274 1999 providentiam,
286 1924 336 1994 qui
347 1940 382 1976 ex
391 1921 565 1993 providentia
575 1931 625 1987 est,
638 1932 664 1977 et
673 1922 782 1978 docebit
790 1941 855 1995 pro-

49 1999 223 2063 videntiam,
244 2007 379 2069 qnatenus
393 1997 584 2070 providentiae
598 2016 661 2070 pars
680 2008 734 2055 est:
766 2014 855 2068 quon-

49 2078 111 2131 iam
124 2082 217 2144 partes
231 2074 292 2126 sine
306 2080 361 2127 toto
376 2090 430 2127 non
445 2073 611 2136 consistunt,
633 2090 683 2127 nec
698 2081 783 2128 totum
794 2073 855 2129 sine

48 2148 192 2223 partibus.
235 2146 303 2213 Quis
323 2147 397 2201 enim
420 2146 522 2201 dixerit
540 2156 625 2201 totum
643 2149 703 2201 sine
717 2146 851 2218 partibus,

50 2223 160 2297 quibus
171 2220 288 2276 sublatis
298 2239 352 2276 non
364 2228 405 2276 est
417 2218 523 2276 totum?
549 2221 623 2287 Quae
640 2239 703 2294 ergo
719 2222 855 2277 inutilitas

50 2318 85 2356 ac
97 2296 313 2369 improvidentia
324 2296 389 2359 erit,
410 2296 459 2349 ubi
475 2296 623 2367 quisquam
632 2298 693 2367 ipse
704 2305 765 2351 ante
775 2312 854 2350 omno

49 2390 127 2446 opus
147 2372 330 2442 comperiatur
349 2370 460 2442 sapiens
482 2388 514 2425 ac
538 2369 689 2443 providus?
727 2370 757 2424 Si
781 2371 854 2423 enim

50 2448 174 2505 scientia
184 2455 240 2510 est,
256 2448 338 2501 etiam
348 2444 462 2517 provida
473 2450 528 2499 esti
560 2446 636 2516 atqui
652 2444 731 2498 datur
744 2444 855 2515 sapien-

48 2526 92 2580 tia
103 2540 136 2577 ac
147 2521 276 2586 scientia,
294 2539 309 2575 a
320 2538 375 2591 qua
384 2520 497 2575 edoctus
508 2520 573 2587 iuit3
606 2528 647 2574 est
657 2520 731 2573 enim
744 2520 855 2590 sapien-

48 2600 91 2654 tia
102 2597 242 2669 sapientes
252 2596 379 2660 edocere,
398 2613 452 2650 non
463 2604 554 2649 autem
565 2594 700 2663 insipiens
710 2602 752 2647 est
765 2594 855 2648 scien-

48 2675 103 2730 tia.
143 2670 222 2737 Quod
237 2672 262 2726 si
272 2689 326 2726 non
336 2680 377 2725 est
387 2672 537 2741 insipienS,
554 2670 664 2740 sapiens
675 2669 739 2735 erit;
771 2670 795 2722 si
806 2686 855 2722 au-

48 2758 111 2804 tem
120 2747 247 2818 sapiens,
262 2746 486 2817 providentique
497 2745 562 2799 erit:
594 2744 660 2814 quia
669 2743 788 2815 pervigil
799 2742 856 2797 soi-

48 2823 134 2879 lertia
148 2821 265 2894 provide
278 2822 370 2877 omnia
388 2822 454 2893 agit.
493 2819 617 2890 Ideoque
629 2818 733 2943 gerum
750 2817 853 2875 dicam:

88 2897 202 2948 Petico
222 2897 293 2947 vul.
