2050 3100
158 131 208 185 tto
276 135 376 179 nnrn.
395 132 470 178 run.
490 131 653 189 Quansr.
672 132 722 177 nr
742 133 820 179 son.
845 128 967 196 [11,aso.]

159 237 233 291 enim
242 242 322 304 septo
332 234 382 304 qui
392 232 498 286 habitat
505 229 590 303 (siout
599 229 714 304 incola),
727 232 877 297 miserest,
889 236 967 292 mul-

157 311 193 365 tis
202 308 329 367 serviens
342 307 439 362 crudis
452 306 588 377 durisque
603 306 738 371 dominis,
761 325 776 361 a
789 308 895 378 quibus
908 311 966 363 ,mi-

156 402 207 439 nas
221 384 354 447 sustinet,
373 381 513 453 pecudum
528 398 603 437 more
617 381 751 453 deceptus
760 400 776 436 a
786 383 902 444 minime
913 384 966 438 bo-

157 462 201 515 nis
210 468 352 529 tamquam
364 458 399 512 ab
408 457 657 528 omniumoptimo.
696 456 732 511 At
743 463 900 526 pcrcqra'ous
914 476 964 530 spe

157 534 279 605 quadam
296 532 518 605 depictatotalis
538 549 604 587 suae
623 532 774 595 libertatis,
797 535 963 597 necessariis

157 616 370 677 materenses
397 606 575 679 quare-laoile
587 606 706 664 elabitur
715 623 752 663 ex
761 624 828 679 sepe
839 608 964 680 laqueis-

156 700 309 756 quequae
318 684 348 739 in
359 700 392 738 ea
401 691 476 737 sunt.

219 852 267 911 Qui
279 863 334 906 suri
352 853 435 917 ,‚o1'ai,
447 852 693 985 quipptcgpyopprt
712 868 762 901 eum
781 851 810 901 dc
828 868 919 907 uxore.

445 937 490 971 aaa
568 956 581 969 .
603 956 608 981 ‚
635 942 655 969 t.

214 1026 272 1079 486.
292 1022 471 1097 Singulorum
482 1023 591 1078 animae
601 1022 723 1093 partium
734 1020 886 1075 familiares
897 1033 963 1077 sunt

156 1100 337 1172 cogitationes
355 1107 497 1169 tamquam
517 1096 637 1151 incolae:
672 1098 746 1151 siout
762 1096 906 1151 rationalis
928 1097 962 1151 ad

155 1175 321 1246 sapientiam
331 1183 358 1229 et
368 1173 558 1246 insipientiam
569 1172 762 1242 respicientes3
791 1178 818 1225 et
831 1171 963 1226 irascibi-

156 1248 206 1314 lis,
226 1267 299 1321 quae
312 1249 470 1306 seeundum
489 1246 681 1307 fortitudinem
697 1253 727 1301 et
746 1246 903 1318 ignaviam
936 1256 963 1301 et

155 1324 400 1396 conuupiacibilis‚
419 1340 492 1395 quae
511 1321 666 1383 sooundum
683 1320 861 1379 sobrietatem
874 1329 901 1376 et
915 1321 963 1377 lu-

155 1563 292 1618 habitator
307 1581 361 1617 non
375 1565 436 1618 sinc
450 1581 580 1620 aerumna
594 1564 724 1636 plurimis
739 1563 885 1620 serviendo
900 1565 962 1620 dis-

154 1639 237 1693 cretis
247 1638 377 1701 dominis,
389 1655 508 1708 quorum
518 1641 607 1694 minas
618 1639 757 1694 tolerando
767 1647 899 1710 tanquam
909 1656 962 1710 pe-

155 1729 205 1767 ons
211 1713 386 1767 infructuosa
396 1730 446 1784 spo
456 1723 615 1786 occupatus,
628 1731 699 1785 quae
710 1714 816 1769 nullius
826 1716 961 1770 momenti

155 1795 219 1842 sunt
228 1796 259 1842 nt
269 1788 359 1858 prima
369 1789 457 1858 potire
468 1787 560 1860 (moro.
570 1789 674 1862 potare)
684 1790 829 1861 cogitatur.
868 1791 963 1846 Incola

154 1877 220 1917 vero
229 1878 308 1932 spem
319 1861 375 1917 sibi
387 1863 512 1919 recondit
523 1863 630 1920 futurae
642 1865 792 1928 libertatis,
813 1871 962 1920 contentus

155 1933 190 1988 ad
204 1942 313 2006 tempus
329 1938 500 2003 necessitati,
520 1939 834 2012 cuiusspemfacillime
846 1938 963 2013 effugiet

155 2025 218 2063 cum
228 2009 370 2070 illecebris
380 2013 452 2068 eius.

256 2164 305 2223 Qui
319 2178 374 2217 suot
391 2167 427 2218 illi
442 2170 498 2231 viri,
520 2187 578 2232 quos
599 2169 728 2234 Scriptura
746 2171 857 2220 meminit.

213 2287 271 2340 486.
296 2284 443 2358 Singulare
457 2296 548 2343 sumet
562 2290 716 2343 animarum
731 2289 841 2362 petes*)
853 2277 973 2362 cogita-¹

154 2359 243 2414 tiones
258 2369 323 2414 sunt
335 2362 416 2432 quasi
430 2360 611 2417 habitatores:
642 2372 673 2417 ut
690 2373 757 2434 puta
777 2371 885 2436 partem
901 2365 962 2419 elo-

154 2436 284 2504 quentiae
293 2437 450 2506 promeritis
458 2438 612 2507 sapientiae
622 2439 667 2492 vol
677 2439 877 2510 insapientiae,
892 2457 962 2510 par-

153 2516 195 2562 tes
204 2510 365 2566 iracundiae
374 2528 423 2583 pro
432 2512 535 2566 virtute
549 2520 596 2567 aut
609 2513 790 2584 trepidantia,
800 2532 878 2585 »pars
887 2532 963 2570 oon—

203 2681 463 2745 *ldllasrdtaoulmpt
475 2685 684 2730 commparato.
711 2685 741 2726 In
753 2698 833 2736 marg.
865 2723 868 2730 ⁴
