2050 3100
58 271 148 340 [nto]
191 276 535 324 nE-Pnovmuu'trn
554 277 680 324 SERMO
699 279 723 325 1.
829 271 858 324 {9

121 378 162 432 tt..
181 377 222 432 Ne
237 394 302 450 ergo
317 378 381 450 quis
396 377 431 432 ab
441 378 504 433 aliis
520 377 652 450 sophistis
667 378 767 433 illusus
781 377 859 434 aliter

55 454 172 516 sentiat,
187 469 238 524 per
247 451 346 507 factam
356 470 371 506 a
382 453 462 508 nobis
473 454 694 526 interrogationis
703 471 755 524 ope
765 449 860 525 inqui-

57 529 204 591 sitionem,
225 527 342 582 indubia
357 529 439 582 etiam
454 528 572 593 theoria,
593 536 666 584 certa
681 529 860 600 evidentique

57 603 290 658 demonstratione
301 602 403 673 patuit,
415 604 543 674 quamvis
553 603 709 659 artificiosis
720 602 813 658 verbis
824 603 859 658 ab

57 679 119 733 illis
137 677 262 749 undique
282 677 459 749 impediatur.
503 679 599 749 Neque
618 679 737 734 multum
758 677 860 734 laboris

57 761 195 824 superest,
203 754 227 807 si
238 761 392 807 constanter
402 761 432 808 tn
442 753 503 824 ipse
512 769 656 824 personam
668 753 771 809 iudicis
781 771 860 808 assu-

58 846 130 883 mas.
160 827 252 902 Quum
264 827 351 892 enirn,
364 834 394 881 ut
404 827 526 892 ostendi,
541 836 632 899 partes
643 828 739 884 mundi
751 845 800 899 per
811 827 860 882 de·

56 903 238 958 structionem
248 903 386 974 corrumpi
397 901 521 966 videam,
539 919 587 956 cur
597 921 651 957 non
662 904 779 958 maiores
790 920 860 974 quo-

56 996 114 1049 que
126 986 152 1032 et
162 978 205 1032 vel
217 978 278 1049 ipsa
288 978 431 1041 elementa,
444 977 560 1040 caelum,
573 977 695 1048 inquam,
711 987 737 1033 et
748 986 856 1043 terram,

56 1051 225 1108 destruenda
245 1052 302 1108 fore
319 1051 480 1116 concedam,
505 1068 592 1122 quum
612 1053 666 1106 iam
686 1051 720 1107 de
740 1055 858 1124 partium

57 1128 233 1199 corruptione
242 1144 337 1182 omnes
348 1125 536 1182 consentiant?
801 1139 811 1156 ¹·

119 1254 159 1304 l8.
179 1250 218 1306 Ae
232 1253 368 1323 primum,
389 1268 443 1307 non
458 1253 514 1306 ianr
524 1252 693 1323 peculiarem
708 1253 778 1305 mihi
793 1268 858 1310 sen-

55 1327 172 1384 tentiam
187 1336 370 1391 commentus,
390 1326 440 1382 sed
454 1335 529 1382 certo
542 1327 657 1382 consilio
671 1326 740 1381 haee
753 1334 859 1397 pertra-

56 1410 133 1457 ctare
142 1417 303 1476 aggressus,
325 1419 404 1474 mam
419 1401 640 1458 luculentissime
650 1400 684 1456 de
695 1409 766 1456 terra
777 1409 858 1471 atque

57 1479 133 1540 aere,
155 1494 209 1532 non
224 1478 316 1532 minus
331 1478 420 1550 ipsam
435 1477 506 1532 airis
520 1477 674 1540 naturalem
689 1475 858 1536 allectionem

57 1552 245 1617 considerans,
257 1570 341 1625 quam
351 1552 572 1609 animadvertens
580 1554 675 1625 ipsum
685 1570 758 1607 nune
768 1553 858 1606 varias

55 1629 200 1701 passiones
215 1629 349 1700 experiri,
375 1637 403 1683 et
420 1646 530 1686 rursum
546 1630 575 1683 in
594 1628 737 1683 sanitatem
751 1626 855 1683 redire:

55 1703 132 1759 unde
151 1704 233 1759 etiam
253 1703 423 1759 medicorum
442 1704 548 1759 iudicio
565 1721 615 1775 per
632 1704 857 1769 commutationes

54 1779 119 1834 eius
128 1778 195 1835 oriri
205 1778 313 1833 morbos
323 1780 464 1848 statuitur;
479 1781 612 1850 quoniam
622 1779 799 1853 languescere
808 1795 858 1850 per

55 1853 133 1909 hunc
151 1853 246 1919 dixere
265 1869 377 1925 corpora
395 1856 426 1909 in
440 1854 543 1910 mundo
561 1855 720 1911 exsistentia
738 1853 857 1910 naturali

57 1930 119 1983 eius
132 1929 352 2000 participatione.
384 1928 445 2017 ¹Qui
461 1947 526 2002 ergo
540 1930 676 1986 obnoxius
692 1938 733 1984 est
750 1928 854 1991 morbo,

54 2004 212 2075 tempestati
227 2021 258 2058 ac
272 2006 455 2076 corruptioni,
479 2004 579 2077 quidni
597 2006 657 2077 ipsa
675 2021 784 2077 quoqne
800 2005 856 2059 vita

53 2096 111 2135 non
122 2078 234 2134 demum
246 2078 389 2159 privaturi

114 2207 154 2259 l9.
182 2200 218 2279 [*]
239 2202 269 2259 Si
286 2205 350 2276 quis
365 2211 456 2260 autem
471 2206 560 2259 aerem
580 2212 657 2275 putat
674 2202 855 2257 immortalem

53 2296 129 2343 esse,
155 2278 193 2333 ita
208 2288 238 2335 ut
255 2288 420 2352 perpetuum
438 2282 523 2335 istum
542 2294 752 2351 permansurum
770 2276 852 2339 dicat,

52 2353 207 2426 quomodo,
234 2370 350 2425 quaeso,
380 2356 409 2409 in
430 2370 541 2425 corpere
560 2352 708 2407 immortali
727 2350 854 2405 mortales

52 2430 125 2488 mori
133 2428 257 2495 soleant?
267 2431 316 2501 qui
326 2446 425 2500 nempe
435 2429 514 2485 vitali
525 2430 585 2483 anre
595 2434 727 2499 perpetuo
737 2425 853 2479 saturari

51 2504 191 2576 illumque
205 2520 304 2578 sugere
319 2502 504 2560 consuevere?
523 2504 591 2557 Nam
605 2502 630 2557 si
645 2501 713 2555 alias
724 2498 853 2555 translata

51 2596 166 2651 corpora
181 2578 365 2644 morerentur,
386 2579 436 2634 nbi
451 2595 505 2633 non
524 2577 656 2632 haberent
672 2574 853 2629 immortalem

51 2656 130 2709 iuxta
141 2671 172 2709 se
182 2657 287 2719 aeram,
307 2670 424 2727 pronum
439 2662 511 2708 esset
525 2652 616 2707 dicere
631 2650 702 2705 hanc
717 2666 777 2703 esse
787 2664 855 2701 cau-

51 2747 112 2783 sam
122 2730 273 2784 moriendi:
295 2729 435 2801 siquidem
450 2727 570 2783 delirum
584 2728 768 2795 insanumque
783 2722 853 2776 mihi

51 2804 165 2861 videtur
175 2813 273 2878 putare
282 2806 367 2861 vitam
378 2802 560 2859 immortalem
571 2799 716 2926 ian²ortali
733 2796 853 2853 inveniri
