2050 3100
194 180 244 233 ato
320 181 416 227 auru.
435 180 510 225 run.
531 178 694 237 Quaeso.
712 178 764 223 nn
783 176 862 222 aon
884 170 927 236 [11,
939 173 999 236 ur]

194 282 277 339 tionis
288 289 396 351 tempus
407 295 532 335 mensem
540 279 663 351 primum
673 277 796 349 scripsit.
817 275 897 331 ldem
907 285 999 332 umen

194 366 221 413 et
242 355 378 426 septimus
401 362 443 409 est
463 353 587 427 (mensis)
605 356 684 409 iuxta
702 350 821 407 solarem
840 351 998 423 periodum,

193 431 325 503 quoniam
340 436 367 483 et
381 429 410 483 in
426 430 595 485 autumnalis
609 427 779 498 aequinoctii
795 427 1001 498 comparatione

194 505 330 577 septimus
344 504 449 559 mensis
463 504 596 559 scribitur
608 501 859 574 transmigrationis
877 508 998 572 tempus,

194 589 221 635 et
230 578 338 651 primus
349 578 555 634 eatseoundum
564 576 668 633 solares
678 573 849 647 numeros*).

214 751 984 817 Qendebafflismemmeoamatqomoe

265 818 369 871 &mnne
387 818 465 883 (diet)
483 836 548 871 aem
564 819 764 881 morfiooadw
781 820 836 881 (12,
851 823 878 867 3.
890 819 929 882 ti.)

250 926 277 980 2.
302 922 441 986 Primum,
463 922 560 995 utqui
579 920 723 977 oblaturus
742 928 800 975 erat
819 918 996 979 sacrificium,

194 1014 248 1053 non
262 996 351 1052 obiter
366 995 443 1051 illico
457 998 518 1051 sine
532 1000 741 1069 praeparatione
757 993 829 1049 facta
846 994 999 1049 sacrificas-

194 1081 249 1136 set,
261 1071 311 1127 sed
322 1088 387 1126 cura
398 1070 601 1144 diligentiaque
611 1080 752 1143 tamquam
763 1068 799 1124 ad
808 1070 927 1141 gratiam
939 1068 1000 1123 red-

195 1146 315 1202 dendam
327 1155 439 1218 paratus
450 1146 580 1202 salvatori
591 1156 617 1203 et
628 1143 796 1201 benefactori
806 1145 1000 1199 universorum

195 1221 257 1277 deo.
286 1219 415 1277 Secundo
425 1221 478 1276 sub
491 1218 533 1351 [Ἦ
541 1223 695 1294 aenigmate
706 1237 755 1291 per
765 1219 843 1274 illam
853 1212 1001 1289 praep‘ara-

194 1305 251 1351 tam
261 1296 380 1351 hostiam
390 1295 452 1350 vult
461 1296 513 1351 illu
548 1297 627 1369 prius
642 1295 771 1357 edocere,
794 1293 870 1365 quod
885 1294 937 1364 qui
952 1294 1000 1347 ob-

196 1372 301 1425 laturus
329 1378 370 1425 est
395 1370 529 1434 hostiam,
563 1379 708 1443 praeparet
735 1369 855 1423 animam
885 1376 913 1422 et
943 1385 1000 1422 cor-

195 1462 262 1517 pus:
289 1444 365 1500 istud
383 1461 435 1517 per
449 1443 616 1500 munditiam
629 1444 881 1514 abstinentiamque
896 1442 932 1496 ab
949 1445 1001 1497 im·

195 1518 356 1584 munditiis,
383 1520 461 1574 illam
475 1527 566 1575 autem
579 1536 630 1592 per
639 1520 811 1577 vocationem
822 1517 937 1574 divinae
948 1517 1001 1573 ini-

196 1596 304 1650 tiationi
315 1594 478 1666 tranquille,
490 1601 522 1649 ut
531 1595 568 1649 sit
578 1595 725 1651 dissolutio
734 1592 935 1666 cupiditatum,
951 1591 1001 1648 etsi

196 1687 251 1726 non
260 1670 386 1735 omnino,
401 1669 640 1739 conturbantium
656 1688 710 1727 non
722 1671 796 1724 enim
807 1669 886 1733 licet,
902 1665 1001 1723 secun-

197 1744 264 1799 dum
279 1745 374 1799 tritum
392 1745 524 1810 verbum,
550 1745 637 1802 illotis
655 1744 777 1817 pedibus
795 1743 906 1817 ingredi
921 1742 1002 1814 pavi-

197 1827 320 1874 mentum
335 1818 434 1890 templi
448 1819 505 1875 dei.
545 1821 637 1878 Tertio
650 1820 747 1876 multis
763 1818 863 1875 diebus
878 1818 941 1874 vult
954 1834 1002 1872 ex-

196 1894 283 1967 periri
293 1902 418 1966 gentem,
434 1895 592 1966 qualisnam
602 1897 639 1951 sit
649 1895 678 1950 in
689 1888 757 1962 fide;
773 1894 905 1966 quoniam
915 1892 1000 1947 dubio

197 1977 271 2024 actos
286 1966 432 2024 manifeste
446 1970 552 2026 sciebat
563 1988 617 2027 non
628 1976 803 2042 praeparatos
813 1986 875 2024 essa
885 1969 914 2023 in
924 1968 1000 2022 obla·

197 2045 315 2108 tionem,
337 2042 385 2098 sed
404 2046 496 2115 potius
511 2046 685 2119 negligenter
699 2062 730 2099 se
744 2053 872 2117 gerentes
887 2042 922 2097 ad
937 2059 1001 2097 con-

197 2119 356 2173 venientem
383 2118 605 2194 condignamque
632 2120 808 2193 diligentiam
834 2118 998 2174 habendam.

197 2192 299 2259 Quarto
318 2193 533 2252 debellationem
552 2196 751 2269 Aegyptiorum
768 2195 862 2267 palam
878 2193 998 2249 inducit:

198 2269 279 2340 quia,
300 2268 353 2323 etsi
368 2286 422 2324 non
435 2272 549 2327 omnino
561 2272 591 2325 in
602 2272 759 2343 angustiam
769 2268 874 2324 redacti
885 2267 1001 2324 fuissent

199 2351 226 2399 et
236 2343 348 2399 horrore
358 2347 523 2401 consternati
534 2345 674 2411 exmalis,
695 2347 943 2417 quaepassisunt,
968 2341 1001 2396 il-

251 2520 272 2568 ὶΙ)
295 2523 310 2562 1.
324 2532 344 2560 e.
354 2523 437 2570 primus
451 2520 521 2558 dictas
538 2520 641 2560 Israelitis
654 2521 735 2561 mensis
752 2520 835 2566 Martii,
858 2529 901 2568 qno
913 2525 1000 2558 vernum

200 2573 292 2612 occurrit
305 2571 471 2619 aequinoctium,
493 2572 591 2617 reptem
609 2575 642 2610 est
658 2573 739 2612 mensis
756 2573 860 2611 inchoans
876 2580 890 2608 a
906 2569 999 2618 Septem·

201 2621 360 2668 brittansaoto,
375 2631 417 2668 qno
431 2621 555 2658 autumnale
569 2624 615 2660 arat
629 2623 798 2669 aequinoctium
812 2620 999 2669 stentetsspten·

200 2671 245 2756 ⁸ipis
260 2681 350 2758 hnoman
375 2671 464 2710 denotat
488 2679 585 2710 mensem
610 2672 703 2711 solarem
728 2683 742 2712 a
762 2673 862 2713 Imnario
887 2674 998 2720 inceptum·

226 2728 255 2758 uc
276 2747 282 2758 .
