2050 3100
159 169 192 222 71
281 173 380 219 rara.
398 171 473 218 run.
493 170 656 229 quassa.
675 171 725 218 nr
744 171 827 220 son.
852 167 970 238 [lam]
1008 228 1009 246 2

159 283 253 337 tenus,
274 289 325 344 per
338 273 533 346 castigationes
545 271 653 326 debitas
665 273 861 328 correctionem
874 272 971 329 refor—
1008 299 1009 304 ¹

159 355 275 417 matam,
299 349 415 402 casuris
434 365 501 404 vero
520 349 656 402 immenso
673 355 701 402 et
719 347 860 405 indicibili
878 349 969 406 modo

158 423 428 503 praevaricantibus,
453 423 609 478 absolutam
628 421 837 478 retributionem
856 439 967 495 poenoe

160 518 192 555 ac
204 498 358 570 supplicii.-

215 575 324 645 ltaque,
346 572 481 628 veraciter
492 586 527 626 ec
537 572 649 642 proprie
659 570 811 644 loquendo,
831 587 966 629 mensura

159 650 367 712 universorum,
388 655 445 703 mm
459 646 697 719 intelligibilium,
719 664 805 718 quam
816 647 967 703 sensibili-

160 741 222 789 um,
237 741 311 778 unus
321 731 363 778 est
373 723 456 787 deus,
468 723 519 793 qui
529 723 559 776 in
569 723 631 793 ipsa
640 723 744 778 unitate
754 723 871 778 trinitati
880 723 966 786 simi,-

160 797 734 871 lisapparetobvidentiuminlirmitatem.
754 797 966 864 Quoniamocu-

161 874 205 929 lus
225 875 311 928 animi
325 891 411 945 quam
425 872 537 928 lucidus
551 872 714 928 obscuratur
728 880 875 943 antequam
889 871 966 928 fixus

159 948 284 1004 fueritin
294 949 376 1004 illum
386 947 542 1003 secundum
552 947 695 1012 unitatem,
708 949 850 1019 incompos
860 947 966 1002 uiden·

160 1023 191 1078 di
208 1023 300 1078 solum
319 1024 380 1078 sinc
399 1023 455 1080 alio
473 1022 605 1094 quodam.
649 1021 728 1078 Sicut
745 1024 819 1078 enim
837 1024 965 1094 corporis

160 1099 258 1153 oculus
272 1098 376 1154 debilis
391 1098 479 1154 lactus
494 1113 577 1170 saepe
587 1115 623 1152 ex
631 1115 686 1152 una
697 1098 808 1152 lucerna
818 1097 965 1168 duplicem

160 1175 271 1247 attingit
281 1175 490 1247 apparitionem,
502 1175 545 1228 sic
553 1174 637 1229 etiem
648 1173 756 1228 animae
764 1171 863 1228 oculus
872 1188 965 1242 quum

159 1258 279 1322 nequeat
292 1266 381 1306 unum
395 1251 469 1305 sicut
482 1265 571 1304 unum
588 1247 834 1319 comprehendere,
859 1247 965 1302 trinam

159 1326 367 1396 perceptionem
376 1323 456 1390 lacit,
475 1326 554 1379 iuxta
565 1323 703 1378 adstantes
713 1324 763 1378 uni
773 1321 964 1394 apparitiones

159 1401 359 1470 principalium
369 1401 504 1454 virtutum
517 1399 715 1452 ministrarum.

214 1483 386 1556 Quapropter
400 1491 427 1538 et
438 1485 568 1556 princeps
578 1483 774 1557 prophetarum
785 1483 963 1538 nuntiorum—

158 1557 247 1630 que*)
262 1560 352 1614 Moses
366 1566 539 1628 optatunum
549 1558 629 1615 illum
639 1560 743 1632 absque
752 1560 905 1615 virtutibus
915 1558 965 1613 vi·

159 1632 240 1696 dere,
265 1640 406 1703 nmquam
424 1649 512 1687 unum
530 1635 684 1689 secundum
702 1635 849 1690 unitatem:
875 1648 962 1704 quem

160 1723 242 1761 nemo
252 1714 322 1771 arte,
343 1708 480 1777 sapientia
493 1709 540 1764 vel
555 1709 648 1780 aliquo
662 1711 690 1764 in
707 1711 839 1765 creaturis
850 1706 887 1838 ς]
901 1724 964 1761 me-

160 1781 208 1837 dio
217 1782 340 1853 speravit
351 1782 498 1855 attingere,
520 1786 661 1855 superiora
674 1780 828 1856 pervadens
842 1800 857 1838 a
887 1782 962 1837 infra

160 1873 273 1910 sursum
299 1856 483 1928 procedendo.
531 1860 600 1913 Nam
619 1861 643 1913 is
665 1860 782 1933 (Moses)
805 1858 962 1931 principale

159 1930 233 1985 illud
246 1931 439 1987 universorum
456 1932 565 1988 volebat
582 1934 639 1988 sibi
658 1952 811 1998 assumere,
833 1950 916 1988 orans
930 1942 962 1987 ut

158 2006 290 2061 misertus
304 2008 391 2061 animi
407 2006 491 2063 deum
506 2010 623 2063 amantis
638 2008 697 2081 (vel
712 2010 788 2065 adeo
802 2008 900 2081 amati)
916 2007 963 2062 di-

160 2089 291 2153 gnaretur
310 2098 443 2153 apparere
461 2084 517 2137 sibi
537 2084 613 2139 aolus
631 2084 692 2139 sino
712 2085 780 2151 alio,
808 2084 847 2138 ait
869 2083 960 2137 enim:

158 2156 279 2212 Moatra
292 2160 355 2211 mibi
368 2168 404 2220 to,
424 2167 455 2212 ut
462 2163 631 2227 familiariter
640 2162 741 2213 videam
751 2169 774 2213 te
783 2166 859 2227 (Gen.
871 2168 913 2226 18,
922 2164 961 2223 3).

216 2230 361 2287 Caeterum
370 2233 474 2304 optimo
483 2242 606 2304 posttres
613 2238 962 2289 mensurassubcincn'eium

159 2304 246 2372 dirit,
262 2323 317 2362 non
327 2307 418 2361 solum
427 2308 503 2379 quod
513 2308 674 2363 abscondita
684 2308 857 2364 estamultis
867 2308 962 2363 soien-

158 2381 196 2435 tia
212 2389 239 2437 et
253 2381 403 2436 intellectio
416 2384 568 2455 sapientiae
581 2385 666 2455 patris
677 2392 704 2439 et
713 2384 888 2454 superiorum
898 2384 961 2437 eius

158 2446 277 2511 duarum
296 2457 444 2522 virtutum,
474 2459 676 2514 verumetiam
697 2458 773 2529 quod
797 2457 960 2512 huiusmodi

159 2532 349 2602 quaestionem
365 2531 500 2588 abscondi
516 2541 621 2605 oportet
638 2542 665 2587 et
681 2548 736 2588 non
754 2533 862 2587 cunctis
880 2548 961 2587 mon-

159 2673 231 2767 Μὲ)
249 2676 458 2763 ἲπὲῗὲιέηωᾳω,
492 2673 521 2713 ad
536 2673 636 2712 rubum:
658 2673 817 2721 wopam
834 2676 854 2712 et
870 2674 961 2712 waton-
