2050 3100
151 173 183 223 ao
379 175 562 221 rulnoms
581 174 718 220 lucani
860 169 951 236 [raa]

149 279 240 332 iustus
253 275 417 330 circumdari
433 275 552 330 fulmine
565 273 707 347 debeat*);
739 292 804 329 nam
819 291 886 330 cum
896 276 953 330 ele·-

150 353 240 407 ctione
250 352 342 406 omnia
351 350 456 405 iudicat
465 350 650 423 providentia.

206 465 251 516 56.
271 458 665 531 Corruptioantemlructuum
676 475 712 512 ex
725 457 879 530 grandine,
901 460 954 514 im-

83 582 87 590 ,
150 537 249 592 bribus
267 537 445 605 eaeterisque
457 534 661 591 calamitatibus
681 533 850 596 obveniens,
878 533 953 590 baud

150 612 244 667 dolore
257 610 342 666 afficit
351 611 469 677 instum;
499 625 588 680 quum
597 610 671 664 enim
680 607 752 662 nihil
764 608 883 672 habeat,
899 627 952 682 quo

148 689 287 759 privetur,
307 703 362 740 non
378 686 434 756 ipsi
443 685 546 739 iniuria
556 684 682 740 infertur.
721 684 834 738 Etenim
844 680 953 740 nonol-

149 762 237 817 tendit
246 764 350 818 iustum
359 760 418 815 ullo
427 759 522 824 modo,
542 761 702 832 praesertim
713 776 790 822 eum,
814 759 867 830 qui
879 769 953 815 tran·

147 838 286 909 quillitate
303 837 415 891 omnino
430 835 577 908 ,decoratus
597 843 650 890 est:
681 837 705 888 is
720 835 794 889 enim
809 844 898 906 prout
911 854 952 890 as·

148 911 287 967 suefactus
301 919 358 975 est,-
378 911 517 966 moderate
532 929 590 965 rem
604 911 703 980 accipit
713 909 746 981 (s.
755 926 807 980 pro
818 913 952 966 exercitio

148 1007 173 1041 s.
188 987 348 1058 probatione
363 987 487 1059 accipit),
509 986 601 1043 animo
615 987 743 1056 passione
753 985 832 1039 omni
842 995 951 1042 carente

147 1063 317 1134 minimeque
326 1061 494 1133 perturbato.
517 1059 555 1136 [Ἴ
576 1061 654 1127 Quod
664 1061 689 1114 si
698 1060 883 1125 mutationem
894 1064 951 1118 ani-

147 1139 187 1192 mi
197 1139 316 1209 patiatur
326 1138 431 1201 iustus,
452 1137 497 1192 vel
512 1135 736 1208 possessionibus
744 1133 887 1202 sublatis,
909 1135 950 1192 vel

148 1214 252 1268 iniusta
269 1221 356 1267 morte
374 1213 601 1283 superveniente,
631 1212 686 1266 iam
706 1227 761 1265 non
781 1219 824 1264 est
842 1212 948 1278 iustus,

146 1305 235 1359 quum
245 1287 416 1343 donorumet
426 1287 562 1344 mercedis
575 1287 662 1360 gratia
677 1285 855 1342 divinitatem
869 1289 949 1352 colat,

146 1365 326 1435 omniumque
341 1363 559 1434 superbissimus
574 1379 669 1418 revera
683 1360 720 1416 sit
729 1361 900 1417 huiusmodi
910 1366 952 1418 iu-

146 1447 221 1503 stus,
241 1439 291 1510 qui
300 1437 377 1493 nullo
386 1437 467 1493 modo
477 1438 586 1494 dolores
595 1444 747 1508 exspectet,
770 1435 821 1491 sed
832 1437 951 1510 gloriam

148 1521 174 1568 et
185 1512 295 1578 laudes,
314 1514 352 1567 ita
363 1522 393 1569 ut
403 1521 458 1569 tota
469 1514 530 1569 eius
540 1513 597 1569 vita
608 1512 767 1585 superbiam
777 1511 916 1569 redoleat.

203 1621 246 1674 57.
266 1622 369 1692 Ecquis
379 1622 554 1694 providentia
565 1624 626 1699 ipsa
635 1622 786 1693 sapientior
795 1630 852 1686 est,
865 1631 901 1677 ut
911 1625 955 1677 vi-

146 1702 254 1765 tuperet
268 1712 338 1765 quae
353 1696 387 1751 ab
402 1715 434 1753 ea
448 1696 536 1752 fiunt?
562 1696 631 1763 Quis
642 1693 797 1769 sapientum
808 1698 954 1753 incusabit

146 1768 299 1833 medicum,
321 1772 371 1840 qui
389 1773 520 1827 remediis
541 1772 674 1828 adhibitis
693 1773 857 1843 praevenire
877 1792 954 1829 mor-

146 1843 213 1896 bum
228 1842 359 1898 conetur‘?
385 1845 469 1918 Atqui
484 1846 581 1903 eodem
595 1848 676 1902 modo
694 1848 777 1901 etiam
796 1848 952 1920 providens

145 1918 276 1972 universo
294 1918 397 1975 mundo
412 1931 509 1977 natura
524 1923 727 1994 sapientissima
741 1929 796 1987 est,
818 1926 952 1995 quamvis

145 1994 270 2047 immissa
284 1993 380 2065 pluvia
396 2013 459 2051 cum
469 1998 604 2053 iustorum
615 1998 697 2054 etiam
708 1996 874 2052 detrimento
887 2016 952 2071 ger-

144 2068 251 2122 minum
258 2068 602 2144 foecunditatemimpedit,
613 2074 679 2128 satis
690 2072 745 2126 sibi
755 2074 867 2128 conscia
879 2072 913 2129 id
923 2092 951 2128 sc

145 2144 296 2215 impedire,
319 2145 393 2217 quod
408 2147 468 2217 ipsa
484 2148 623 2203 fructuum
638 2146 807 2202 abundantia
825 2149 952 2221 singulis

145 2219 309 2275 detrimento
319 2219 410 2275 lutura
421 2231 503 2277 esset.

200 2331 244 2382 58.
264 2328 405 2395 Quomodo
417 2346 483 2385 vero
494 2332 698 2402 providentiam
708 2330 876 2387 effectricem
887 2350 952 2389 esse

144 2404 322 2473 negabimus,
334 2420 422 2474 quum
432 2422 544 2460 causam
554 2408 710 2479 iniquitatis
719 2406 888 2463 effectricem
899 2427 952 2465 au-

144 2474 225 2539 ferat,
242 2493 329 2547 quum
344 2477 396 2532 boc
408 2480 490 2533 modo
505 2479 620 2545 efficiat,
637 2492 668 2537 ut
677 2484 827 2554 impiorum
837 2484 950 2539 minora

188 2613 215 2657 ι’)
230 2614 279 2653 Non
295 2626 373 2662 negare
389 2627 413 2655 ae
429 2621 536 2659 monstret
551 2620 613 2661 Philo
630 2623 698 2661 laetos
716 2623 780 2661 etiam
797 2620 875 2669 similia
893 2626 949 2671 peti,

142 2659 181 2743 dig
201 2663 374 2749 lpspacthdiverso
395 2666 466 2705 animo
487 2670 580 2717 perpetl,
604 2674 627 2709 ut
645 2672 728 2719 patebit
749 2682 777 2711 ex
799 2672 854 2712 lunt
871 2672 951 2713 dieen-
