2050 3100
155 145 204 199 tro
395 145 517 199 rurno
537 146 706 195 renuens
838 144 952 211 [nuo]

155 262 198 307 tae
213 266 327 309 examen
349 247 506 321 exigebant.
546 248 587 301 Tu
604 248 670 318 quis
691 264 734 312 es.
756 250 902 321 inquiunt,
927 260 953 305 et

155 326 229 382 unde
244 326 278 382 ad
292 343 342 380 nos
357 322 476 384 venisti?
494 321 619 393 quidque
633 322 725 380 cordis
738 325 780 379 tui
793 326 950 389 eonsilium,
1001 373 1002 376 ,

155 402 223 474 quid
239 404 268 456 in
283 401 373 455 animo
388 398 545 461 contendis,
570 414 642 469 quae
662 399 730 453 ratio
748 400 802 454 tibi
821 400 953 456 vivendi?

155 476 290 545 Quoniam
299 474 420 548 pusillus
431 491 460 527 es
471 472 624 528 seeundum
633 490 747 543 eorpus,
758 482 786 529 at
795 492 869 531 onus
878 477 950 539 navi,

156 569 295 615 veremur,
320 568 355 606 ne
369 548 500 621 operibus
520 548 580 619 ipse
593 557 722 620 gravatus
737 549 888 622 immergas
904 569 952 606 na·
1001 611 1002 614 ,

155 645 228 682 vem.
258 628 330 680 Haeo
340 624 485 679 nauclerus
496 623 581 677 etalii
591 639 686 679 omnes
696 622 803 679 dixere.
830 625 953 696 Prophe·
1001 685 1002 688 Ἴ

139 712 181 765 ,ια
197 718 274 763 varo,
296 699 436 771 quaesibi
450 698 597 770 proderant
610 698 749 763 indicans,
771 698 848 770 quod
862 709 952 755 autem

153 774 361 849 praeiudicabat
374 790 502 837 cerneus,
524 772 577 828 sub
592 773 702 832 silentio
717 775 848 829 serravit.
890 775 952 831 Ser·

153 868 220 907 vum
230 848 336 905 domini
347 867 376 903 se
386 848 561 913 memoravit,
582 848 742 903 mandatum
756 856 848 905 tamen
864 849 952 906 domi·

153 926 183 980 ni
193 934 395 997 transgressum
406 941 465 979 esse
476 924 568 986 siluit,
583 940 711 977 unacum
721 922 796 996 iuga.
835 924 951 981 Verum·
1001 949 1002 986 t

153 1008 244 1057 tamen
257 1000 406 1054 humanam
421 996 594 1069 astutiam*),
615 999 666 1069 qui
679 997 754 1053 solus
765 1008 807 1054 est
816 999 951 1056 infallibi·
1001 995 1002 1004 ’

154 1076 204 1141 lis,
219 1077 248 1130 in
262 1075 363 1131 claram
373 1075 463 1129 lucem
474 1074 614 1129 adducens
624 1074 651 1127 ei
661 1074 783 1145 exponit.
822 1073 951 1140 Quando-

153 1152 268 1223 quidem
283 1168 318 1206 ex
332 1149 539 1205 conturbatione
553 1156 698 1203 nautarum
713 1166 745 1203 ac
759 1150 950 1223 navigantium

154 1224 192 1303 [*]
204 1226 234 1282 in
245 1242 359 1283 examen
371 1224 506 1297 redigitur
516 1222 702 1297 quaesti0**);
725 1232 752 1279 et
766 1241 802 1279 ex
812 1227 951 1296 quaestio·
1001 1225 1002 1296 g

153 1320 188 1358 ue
205 1300 368 1376 (insolubili)
383 1300 499 1354 transire
514 1298 548 1353 ad
558 1307 780 1377 sortem-neeesse
790 1298 857 1369 fuit3
881 1310 949 1356 etex

152 1385 224 1432 sorte
235 1394 298 1433 reus
308 1376 480 1431 convincitur
489 1373 571 1447 (ilie),
592 1376 643 1446 qui
655 1374 690 1429 ab
700 1375 861 1446 hominibus
872 1378 950 1451 igno·

151 1452 273 1507 rebatur.
293 1480 296 1487 Δ
312 1451 398 1507 Valde
413 1451 619 1505 convenienter:
640 1450 690 1504 ubi
702 1451 777 1504 enim
795 1450 879 1506 homo
897 1459 950 1509 erat
1001 1465 1002 1480 ³

152 1527 293 1592 iudicans,
315 1526 416 1583 iurtive
427 1526 610 1582 iudicantium
623 1525 771 1581 sententias
781 1525 880 1597 elusit3
901 1526 949 1583 uhi

152 1619 217 1657 vero
233 1602 302 1666 deus
318 1611 375 1657 erat
388 1618 535 1674 supremus
547 1598 645 1665 iudex,
670 1603 796 1672 nequivit
811 1602 948 1675 decipere.
1001 1606 1002 1675 f

151 1675 225 1744 Quid
239 1693 304 1749 ergo
320 1676 409 1731 ultra?
427 1678 478 1732 Per
495 1684 596 1731 sortem
614 1677 736 1731 virorum
754 1678 865 1748 piorum
884 1679 950 1733 deus
1001 1680 1002 1731 i

152 1751 239 1806 iudex
254 1751 297 1805 fit:
319 1752 384 1821 quia
398 1752 427 1805 in
442 1751 596 1806 manifestis
610 1752 803 1823 unusquisque
812 1769 870 1824 quo
879 1754 949 1816 vult,

151 1833 276 1881 movetur
294 1833 439 1896 movetque
457 1843 582 1893 manum3
608 1827 638 1880 in
655 1827 771 1882 occultis
791 1832 858 1883 vero
873 1846 950 1884 suam

151 1901 309 2050 (ipprtplitsptam
326 1915 409 1972 quam
429 1903 479 1957 vix
498 1901 614 1966 habent,
643 1901 736 1974 prodit
752 1919 802 1975 per
821 1921 950 1959 areanum

211 2100 250 2154 u.
270 2095 385 2164 Quando
400 2097 493 2166 itaque
507 2095 643 2152 iudicavit
657 2094 726 2164 deus
740 2095 882 2152 hominem
897 2107 951 2154 tra·

152 2169 278 2244 diditque
290 2189 354 2226 eum
364 2188 413 2244 per
423 2180 536 2235 sortem,
559 2171 601 2224 iiii
616 2188 726 2242 quoque
740 2180 882 2227 sumentes
897 2182 952 2227 tra-

151 2243 281 2320 dideruut
291 2265 354 2317 eum
364 2247 393 2300 in
404 2263 516 2300 manum
525 2245 628 2299 iudicis
638 2248 683 2299 sui
693 2245 898 2321 (eonscientiae)
908 2249 951 2303 in·
1001 2290 1002 2295 κ

150 2331 226 2377 terne
239 2320 393 2393 punientis,
419 2321 491 2374 sicut
508 2321 547 2374 ait
561 2319 716 2390 Scriptura:
728 2357 733 2361 -
744 2322 812 2387 Quid
825 2327 951 2392 sociemur

150 2401 208 2458 riti,
225 2401 446 2450 etoeeeaba'tmure
459 2399 564 2456 onoma
581 2395 759 2464 (ton.1,11)?
781 2396 852 2465 Quia
871 2407 903 2454 tu
922 2413 951 2451 es
1001 2420 1002 2431 ¹

200 2534 222 2579 ¹*)
244 2533 278 2572 Ad
291 2535 391 2572 verbum:
418 2533 538 2578 seientiamr
560 2535 826 2587 supranominatam,
849 2548 877 2577 an
895 2539 950 2577 torta

151 2581 287 2620 renuendum
300 2585 340 2622 alt:
361 2583 444 2620 inscitia
456 2583 502 2620 siva
514 2584 643 2630 imantia.
668 2585 750 2628 Auru.

200 2645 235 2690 ιι)
257 2657 275 2684 o.
290 2658 316 2686 ee
328 2648 472 2694 nuotaaotr'um
485 2650 639 2690 meatim
651 2657 803 2703 mm
815 2654 949 2704 “W
1001 2650 1002 2665 i

148 2692 242 2735 ‘vitator
254 2698 353 2740 quaestio.
378 2695 460 2735 Aueh.
