2050 3100
82 190 180 257 [unct]
245 197 291 242 IN
310 197 485 243 GENESIN.
507 197 635 245 SERMO
653 199 696 244 111.
736 167 740 176 =
845 196 874 250 ll

79 306 144 364 rent3
174 296 343 354 extenditur
356 298 431 351 enim
447 299 558 371 longius
573 307 600 354 et
615 307 758 356 revocatur
776 302 877 357 iterum

78 372 206 438 inbreve,
225 390 298 445 prae
308 372 421 426 lenitate
430 372 466 427 ad
475 372 589 428 modum
600 390 678 431 cerae
689 374 836 448 figuratum
847 378 877 432 in

76 447 164 502 nullas
179 465 228 503 res
245 455 277 502 et
291 447 414 519 figurans
428 447 546 504 verbum
566 449 719 505 secundum
739 451 877 524 multipli-

75 523 278 594 censpeciem.
321 522 464 577 Praeterea
472 539 556 578 censs
569 531 624 588 est,
647 523 730 579 irater
744 526 820 580 enim
835 535 877 582 est

73 597 192 662 unitatis,
220 614 263 652 ex
280 612 336 667 qua
353 596 494 667 incipiunt
512 598 543 652 in
562 615 677 669 eamque
693 600 876 656 terminantur

72 672 163 726 emnia.
207 673 334 727 Tantum
347 671 441 742 itaque
455 670 596 737 decorem,
617 681 644 728 et
658 681 732 728 tenta
751 677 874 730 necessi-

71 753 116 799 tate
127 747 296 818 expositam
305 745 423 800 litteram
433 762 521 816 quum
531 746 633 802 viderit
642 748 720 818 quis,
738 749 875 820 quomodo

69 817 220 886 incusabit,
244 819 329 892 quasi
346 836 402 875 non
413 819 533 875 viderit?
557 823 661 878 Namsi
673 822 757 887 vidit,
778 832 876 880 contu-

69 894 212 950 meliosum
233 912 270 950 se
288 893 382 966 prodit
398 903 425 949 et
441 895 509 950 boni
522 912 639 952 osorem.
682 895 761 964 Quod
780 899 804 954 si
820 915 875 954 non

69 967 164 1024 viderit
176 979 242 1026 tam
258 968 341 1024 facile
358 969 514 1042 negotium,
535 969 672 1042 quomodo
686 970 761 1044 quod
774 973 872 1039 nescit,

68 1042 178 1100 irridere
199 1054 231 1100 et
251 1043 396 1115 despicere
410 1046 574 1116 praesumit,
596 1045 677 1118 quasi
691 1045 778 1102 sciat‘l
805 1047 874 1104 Cae-

69 1123 151 1174 terum
164 1120 243 1175 baec
259 1119 363 1183 obiter,
385 1127 417 1174 ut
430 1119 504 1186 dixi,
526 1120 599 1178 dicta
609 1121 679 1188 sint3
713 1120 763 1175 sed
776 1138 874 1176 neces-

10 1235 15 1260 ,
68 1194 168 1248 sanum
185 1195 433 1267 praecipuumque
449 1191 487 1270 [*]
502 1211 575 1267 opus
593 1192 783 1266 quaerendum
800 1203 851 1250 est.

118 1298 278 1370 Appendix
291 1297 399 1353 litterae
412 1297 449 1364 A,
468 1315 519 1371 per
532 1301 623 1354 unum'
635 1297 815 1363 elementum,
833 1307 875 1355 to-

67 1379 124 1426 tum
133 1381 315 1429 commutans
324 1372 482 1430 reformarit
492 1374 578 1429 animi
589 1374 684 1438 situm,
698 1390 749 1445 pro
758 1373 874 1429 sublimi

68 1447 182 1503 scientie
207 1465 243 1505 ac
261 1448 418 1504 eruditione
438 1465 531 1504 rorum
551 1463 733 1522 supernarum
752 1448 802 1523 (sc.
823 1465 874 1523 pro

71 1524 248 1598 astronomia)
267 1524 411 1596 anquirere
429 1524 456 1579 ei
475 1523 580 1580 faciens
597 1525 811 1583 intellectionem
828 1543 874 1582 sa-

70 1596 200 1665 pientiae.
244 1599 392 1671 Siquidem
406 1600 522 1655 scientia
536 1616 629 1655 rerum
638 1618 820 1673 supernarum
832 1601 874 1657 is-

72 1671 156 1728 cultas
170 1675 327 1747 acquiritur
337 1676 460 1729 iuunam
470 1683 577 1746 partem
587 1675 698 1741 mundi,
720 1677 749 1731 in
765 1676 873 1732 caelum

72 1746 201 1805 videlicet
221 1750 292 1804 etin
307 1748 454 1822 periodum
469 1749 637 1821 choreasque
651 1750 807 1814 stellarum,
829 1767 874 1804 sa-

74 1820 175 1889 pientis
188 1842 257 1880 vero
271 1824 306 1879 ed
320 1825 480 1879 universam
493 1840 586 1879 rerum
598 1832 737 1890 naturam,
752 1824 874 1880 sensibi—

76 1892 129 1949 lem
143 1906 169 1953 et
181 1899 402 1972 intelligibilem.
441 1900 511 1955 Nam
521 1900 671 1955 intellectio
684 1909 725 1955 est
737 1900 872 1972 sapientia

75 1967 232 2029 divinarum
248 1975 488 2045 humanorumque
504 1990 611 2039 rerum,
636 1982 663 2028 et
676 1975 812 2030 ratiormm
828 1990 874 2029 ea·

76 2059 145 2100 mm.
183 2050 215 2103 ln
233 2049 340 2105 divinis
360 2050 454 2119 imque
473 2057 516 2105 est
528 2049 648 2121 aliquid,
670 2049 745 2121 quod
759 2049 874 2105 visibile

79 2126 130 2183 est,
150 2131 178 2177 et
187 2124 265 2179 eliud
275 2122 520 2195 quod-invisibile,
537 2132 565 2179 et
574 2123 637 2179 idea
647 2123 871 2180 demonstrativa.

78 2190 109 2247 lit
118 2196 147 2250 in
157 2196 286 2254 humanis
295 2197 433 2270 quaedem
442 2206 509 2253 sunt
518 2199 668 2271 corporalia
678 2208 706 2253 et
716 2200 769 2255 alia
783 2200 874 2255 incor-

79 2272 193 2336 poralia,
217 2288 337 2345 quorum
350 2272 566 2328 intellectionem
578 2274 722 2346 percipere
741 2289 874 2347 magnum

83 2350 208 2402 urorum
217 2346 358 2404 facultatis
368 2362 401 2403 ac
409 2347 581 2405 fortitudinis
595 2366 666 2420 opus
681 2356 732 2404 est.
771 2350 873 2405 Verum

82 2430 132 2473 uun
149 2422 238 2478 solum
251 2423 350 2479 videre
363 2423 555 2479 universorum
569 2423 737 2480 substantias
751 2431 779 2478 et
792 2429 874 2477 netu·

85 2504 132 2557 Μ,
143 2496 284 2553 sedetiam
295 2498 469 2571 singulorum
477 2499 597 2555 rationes
607 2499 775 2569 investigare
784 2497 875 2551 virtu-

85 2570 134 2621 lem
151 2570 256 2627 indicat
272 2572 394 2629 bumana
413 2572 614 2645 perfectiorem.
657 2574 776 2627 Necesse
799 2568 874 2623 enim

86 2649 122 2695 “t
135 2646 257 2701 mimum
270 2654 350 2702 tutet
358 2656 495 2703 tantarum
504 2665 597 2703 rerum
606 2644 798 2719 perceptivum
808 2656 876 2695 ocu-

88 2709 138 2771 lum
159 2736 221 2777 esse
238 2721 364 2787 omnino,
398 2731 426 2779 et
442 2725 505 2779 sine
524 2738 620 2779 somno
638 2716 770 2790 perlicere
790 2714 876 2768 vitem
