2050 3100
135 196 182 249 111
251 203 351 248 PHIL.
370 201 445 246 IUD
465 199 627 257 QUAEST
647 199 699 244 ET
722 200 801 243 ³01,
822 194 867 259 [11,
877 197 941 263 297]

133 310 278 374 peceatum
288 318 417 373 iniquum
427 308 482 365 est
497 300 545 355 sio
553 300 771 355 involuntarium
781 302 943 356 secundnm

132 378 315 449 ignorantiam
334 376 410 430 illico
430 376 549 440 iustum,
578 373 642 439 sed,
674 383 706 430 ut
723 375 795 429 mihi
815 376 941 441 videtur,

133 451 256 506 medium
271 460 344 505 tenet
358 451 448 505 looum
462 451 707 521 internamque,
728 451 834 505 iustum
845 461 872 505 et
883 452 943 505 ini-

90 526 93 531 ’
132 544 233 599 quum,
255 526 453 597 aquibusdam
467 524 628 579 indifferens
641 533 785 589 55555555,
806 528 943 596 qnoniam

132 608 276 673 peecatum
286 601 445 656 nullatenus
455 608 497 655 est
507 618 577 671 opus
588 601 721 655 iustitiae
756 599 790 655 At
804 600 851 654 hie
863 608 892 655 et
904 601 942 655 de

131 678 181 731 illo
195 676 225 731 id
240 677 351 741 asserit,
374 676 484 731 dioens:
510 678 544 730 In
554 680 685 730 munditia
698 680 785 730 cordia
799 680 942 729 5555555515

132 768 255 806 manuum
272 757 322 821 feei
339 754 385 805 loe
404 759 479 819 (Gen.
495 759 536 818 2⁰,
553 755 595 814 5).
639 747 761 837 Quorum
783 768 871 804 unum
888 768 942 805 ve-

133 843 194 880 rum
205 834 260 891 est,
283 825 400 881 alterum
410 825 526 881 falsum:
548 842 645 879 verum
658 827 734 882 enim
748 833 789 881 est
799 824 941 880 munditia

133 901 238 965 cordis,
252 909 278 957 et
288 900 390 957 falsum
401 902 507 957 iustitia
518 917 651 955 manuum
661 900 691 955 id
703 900 814 955 fecisse.
852 900 942 954 Nam-

133 993 200 1047 que,
223 977 249 1030 ei
261 976 395 1041 dixerim,
417 984 510 1032 utrum
525 992 579 1031 non
593 984 635 1039 est
644 974 774 1031 satistibi
785 974 820 1029 ad
829 974 941 1046 iniqui-

133 1060 215 1105 tatem
225 1051 310 1117 illud,
333 1049 407 1123 quod
418 1068 467 1125 per
477 1068 560 1123 opera
571 1048 683 1121 agitur?

137 1174 201 1233 Quid
221 1187 255 1227 est
277 1176 373 1242 „Dixit
397 1188 474 1228 antem
498 1177 522 1227 ei
542 1175 599 1224 deas
618 1191 666 1239 per
686 1192 803 1225 somnam,-
835 1174 870 1223 Et
894 1191 940 1239 epo

201 1247 312 1327 eoqnpva',
339 1264 449 1310 peonnam
468 1246 493 1294 ia
511 1243 583 1293 eorde
597 1259 661 1322 paro
672 1243 759 1308 fecisti
775 1242 831 1304 lroc,
857 1251 880 1291 et
893 1258 942 1306 pe-

196 1315 267 1376 pelei
284 1315 337 1376 titi,
363 1324 388 1364 at
407 1330 454 1363 non
468 1327 584 1377 peccares
601 1328 626 1359 m
641 1326 691 1370 me;
710 1319 811 1374 propter
828 1309 872 1358 loo
890 1326 941 1358 non

196 1382 297 1443 parnassi
314 1351 357 1431 ti'ot
373 1391 470 1445 ternpore
489 1381 580 1427 5555515
602 1380 656 1441 (20,
667 1378 705 1437 5.)

190 1476 232 1526 55
254 1473 375 1527 Omnia'
368 1490 396 1527 rn
412 1474 457 1527 his
471 1472 554 1527 dictis
570 1480 695 1527 contenta
708 1471 805 1526 divina
815 1468 941 1541 profecto
973 1466 985 1489 ’

133 1546 217 1601 verba
229 1557 293 1602 sunt
304 1557 330 1602 et
339 1556 495 1619 praecepta.
535 1550 650 1603 Mundus
665 1564 730 1620 ergo
745 1546 848 1601 dicitur
860 1544 937 1611 talis,

133 1622 182 1692 qui
193 1622 320 1694 ignorant
321 1639 350 1675 er
310 1631 387 1676 555
397 1622 591 1686 involuntarie,
607 1639 662 1678 non
676 1640 741 1677 vero
758 1619 794 1696 [*]
810 1621 941 1676 volunta-

133 1697 174 1750 rio
188 1713 263 1751 more
274 1703 378 1784 peccat
418 1697 580 1752 Parcendum
593 1705 683 1752 antem
698 1714 759 1752 esse
773 1697 845 1760 illis,
866 1713 941 1767 qnos

134 1773 296 1826 monstravit
307 1787 387 1843 aegre
398 1771 539 1838 ferendos3
561 1781 588 1828 55
601 1772 790 1828 indifferenter
803 1738 939 1835 halrendi,
988 1798 993 1804 ·

107 1880 109 1883 -
134 1846 183 1916 qui
210 1846 394 1901 involuntarie
419 1847 585 1902 iniustitiam
610 1856 739 1919 egerunt;
782 1856 863 1918 atque
888 1848 943 1901 de-

134 1937 210 1974 mum
226 1921 303 1984 illos,
330 1921 379 1991 qui
394 1921 490 1993 inique
505 1940 535 1977 se
552 1931 653 1995 gerunt
669 1923 698 1976 in
716 1923 800 1978 rebus
818 1921 939 1987 divinis,

134 2012 188 2050 non
204 1996 232 2049 in
248 2013 293 2049 eas
309 2003 428 2061 tantum,
455 1997 505 2052 sed
522 1997 552 2052 in
569 1997 746 2053 divinitatem
763 1999 853 2069 ipsam
870 2013 942 2068 pec-

134 2087 209 2133 eare,
232 2070 278 2123 oui
296 2071 440 2142 proprium
453 2079 494 2126 est
501 2073 598 2127 -omnis
613 2090 678 2127 eura
693 2090 724 2126 ac
736 2070 938 2144 praesidentia,

135 2145 214 2198 cuius
230 2153 271 2200 est
285 2147 375 2200 omnis
390 2148 492 2219 gratia,
515 2164 585 2218 quae
600 2149 705 2217 primos
718 2147 804 2202 animi
815 2148 941 2219 impetus

134 2219 298 2275 rebellantes
314 2222 472 2276 retrovertit
489 2239 540 2293 per
558 2221 775 2294 providentiam,
803 2238 838 2275 ne
856 2239 943 2293 prae—

134 2311 199 2366 ceps
222 2303 283 2350 ruat
304 2296 438 2370 oadatque
456 2297 485 2352 in
508 2295 629 2352 furorem
652 2298 708 2352 irae
731 2297 837 2368 iniquis
861 2313 942 2350 eom-

133 2379 252 2441 paratae.

138 2494 201 2552 Quid
218 2507 253 2546 est
271 2495 367 2561 „Nune
386 2505 462 2547 antean
480 2497 553 2546 redde
569 2512 665 2546 5555555
682 2496 781 2557 lomim,
805 2496 863 2558 aazia
878 2513 942 2559 pro·

197 2565 274 2627 pholo
288 2575 333 2626 est,
351 2574 373 2614 el
386 2566 464 2616 orabit
469 2583 516 2629 pro
526 2573 561 2624 le,·
579 2563 617 2612 ain
625 2571 703 2612 metam
711 2579 758 2611 non
768 2563 857 2625 reddis,
866 2565 939 2625 scito,

201 2633 259 2694 quia
275 2632 382 2682 mon'err‘s
399 2642 436 2695 to,
456 2642 479 2682 et
493 2632 572 2681 omnia
586 2646 649 2693 quae
662 2638 705 2691 aaa
715 2633 810 2679 sarat“?
829 2635 884 2694 (20,
900 2636 940 2693 7.)

189 2735 232 2786 66.
254 2735 353 2789 Littera
366 2749 432 2805 prao
442 2749 471 2788 se
483 2732 535 2788 lert
545 2730 700 2802 apologiam
711 2731 860 2786 iuridioam
869 2748 942 2786 oon—
