2050 3100
104 124 109 132 ’
165 153 215 206 3⁴2
283 150 733 210 rn1L.1un.Quansn.sr
757 151 836 197 son
857 147 985 215 [ωσι]

165 258 255 330 legem
264 262 376 310 ornatus
387 261 429 308 est
437 251 573 308 moribus.
611 250 643 306 ld
657 268 723 324 ergo
737 260 825 306 totum
837 253 896 308 sub
907 254 985 309 alle·

165 332 243 405 gorio
255 329 364 384 videtur
375 337 525 398 exponere}
537 343 625 397 quum
634 326 723 390 dicat,
733 326 809 398 quod
819 328 873 398 qui
883 336 983 384 trans-

166 407 287 479 migrant
301 403 336 458 de
352 402 457 458 malitia
471 401 502 454 in
515 401 660 464 virtutem,
682 418 718 455 ne
730 417 766 454 ex
775 401 863 456 cruda
875 405 983 473 poeni·

165 481 250 536 tentia
261 477 418 540 comedant,
439 474 489 530 sed
499 473 692 530 calefacientes
702 491 777 539 eam,
797 474 980 532 ferventibus

166 555 275 610 scilieet
292 552 386 608 vorbis
406 548 623 620 ardentibusque
640 558 841 620 praeparatam.
892 553 979 608 Multi

167 630 243 684 anim
253 626 288 682 ad
298 626 433 682 contraria
443 623 537 678 subito
547 625 684 696 emigrant
693 625 792 679 insano
802 626 929 696 impetu,
942 645 978 680 ex

167 701 336 774 largitudine
346 701 375 753 in
386 699 557 768 parcitatem,
568 707 595 752 et
604 715 641 752 ex
650 700 762 770 agresti,
779 709 890 771 oompta
900 700 977 755 deli-

167 785 281 845 cataque
297 774 355 827 vita
372 774 401 826 in
418 771 603 844 rigiditatem,
630 773 703 827 sicut
720 781 748 827 et
767 790 803 828 ex
819 775 975 829 ambitione

166 850 276 905 evolant
286 849 315 902 in
326 846 475 903 vilitatem:
493 863 564 918 qnos
575 863 656 902 nemo
665 847 801 903 laudabit.
834 847 975 914 Quoniam

167 923 253 979 cruda
267 929 293 977 et
307 922 464 978 inconstans
479 927 534 985 est,
556 928 587 976 ut
602 922 705 994 aliquis
719 922 838 987 diceret,
861 941 974 978 summa

167 997 342 1056 commutatio
353 1014 460 1052 eorum:
474 1013 560 1067 quare
569 1014 623 1051 non
635 998 665 1051 in
674 997 815 1060 virtutem,
825 997 877 1052 sed
887 1000 974 1070 inop-

165 1076 272 1148 positas
290 1070 410 1128 malitias
424 1071 549 1126 translati
564 1078 630 1126 sunt
643 1072 703 1125 sine
719 1071 986 1128 animadversione:

166 1150 342 1220 Quicumque
355 1163 421 1202 vero
436 1163 485 1218 per
498 1147 633 1200 rationem
643 1147 776 1201 scientiae
786 1148 885 1202 mutati
895 1164 972 1202 oom-

166 1233 320 1297 ponuntnr‚
342 1229 482 1292 tamquam
496 1219 531 1274 ab
545 1220 610 1292 igne
625 1221 726 1284 coacti,
748 1219 856 1276 firmam
871 1223 971 1278 immo-

166 1301 310 1372 bilemque
321 1297 485 1370 acquisitam
494 1293 654 1366 praeferunt
663 1295 822 1352 utilitatem.

203 1441 240 1507 [Ἴ
272 1440 337 1500 Quid
353 1449 398 1502 est,
427 1438 492 1504 quod
508 1447 582 1502 eaput
599 1454 649 1488 cum
662 1437 765 1502 peditus
782 1448 805 1488 et
821 1438 937 1488 intenuit&

331 1508 356 1557 in
372 1507 471 1557 Pascha
489 1505 633 1571 offerendum
650 1511 718 1555 erud
744 1506 804 1570 (ib.)

225 1610 264 1664 l'l.
293 1610 408 1671 Littera,
430 1616 558 1680 utputo,
580 1608 741 1663 huiusmodi
756 1616 812 1664 est:
838 1609 968 1679 quoniam

168 1691 251 1741 totam
265 1683 384 1739 hostiam
398 1683 504 1738 iudicat
517 1683 643 1738 oonsumi
652 1681 767 1747 debere,
789 1699 885 1738 omnes
894 1700 968 1738 eom·

167 1765 300 1814 memorat
309 1764 413 1828 partes.
436 1755 593 1821 declarans,
613 1757 687 1828 quod
701 1757 772 1812 nibil
783 1758 867 1829 plane
883 1759 968 1813 relin-

167 1834 217 1905 qui
233 1834 323 1901 liceat.
363 1829 406 1885 Ad
419 1838 540 1885 mentem
556 1848 621 1886 vero
643 1841 722 1901 eaput
739 1833 863 1903 primum
882 1842 922 1887 est
942 1842 967 1887 et

167 1908 296 1980 superius
313 1906 565 1977 principallusque.
608 1908 716 1961 laterna
738 1915 829 1961 antem
848 1909 966 1962 externis

167 1982 301 2039 eontraria
321 1981 465 2052 supponit;
492 1980 625 2051 quoniam
639 1980 722 2045 dicit,
746 1982 822 2052 quod
837 1980 918 2037 debet
930 1984 963 2046 is,

166 2058 216 2128 qui
230 2063 377 2128 purgatur,
399 2062 482 2109 totam
497 2056 610 2109 omnino
625 2055 745 2109 animam
758 2072 890 2128 purgare,
912 2074 965 2111 una

168 2148 232 2187 eum
251 2129 368 2185 internis
387 2128 603 2201 cupiditatibus,
613 2138 652 2183 -et
665 2130 750 2185 verba
765 2129 800 2184 ad
814 2139 891 2185 extra
904 2148 965 2202 pro-

168 2205 264 2269 ducta,
284 2206 357 2259 sicut
375 2212 403 2258 et
420 2221 502 2275 opera
521 2220 572 2274 per
588 2204 770 2259 instrumenta
784 2206 963 2261 ministrantia

168 2289 250 2354 atque
261 2296 310 2351 per
320 2286 403 2350 eaput
412 2279 493 2351 quasi
503 2278 660 2351 prinoipem
673 2278 875 2351 (intellectum).

204 2418 272 2477 &aas
289 2384 366 2469 nutem
382 2419 479 2469 residuo
494 2420 543 2469 sint
559 2420 584 2468 in
600 2418 700 2469 Passio
717 2435 790 2483 usque
807 2420 843 2469 ud
858 2437 928 2484 mons,

372 2485 436 2535 iub&
455 2486 607 2536 eonerernari.
645 2490 699 2548 (12,
712 2488 764 2549 10.)
871 2484 894 2531 '.

226 2585 267 2635 ⁴8.
288 2583 411 2637 Primum
430 2584 517 2639 solem
536 2582 603 2636 oriri
617 2558 836 2652 super-hostiam
854 2591 963 2660 paseha·

167 2654 203 2705 tis
216 2652 293 2711 haud
303 2672 421 2729 aequum
432 2656 533 2719 duxit,
553 2657 686 2725 quoniam
697 2659 742 2714 vel
753 2660 817 2731 ip‘sa'
829 2673 917 2729 nocte,
935 2676 963 2720 ut
