2050 3100
127 110 433 158 Pnlnclnloavn
440 111 773 173 RHILONIANORUM.
801 110 848 161 467

41 227 127 277 Nulla
135 228 204 289 apud
213 227 305 276 ‹lenm
296 228 445 291 impotentia
453 235 499 278 esa
501 263 778 280 ..................................
794 180 846 281 {2⁸8

42 295 323 343 Tnsnsacdolorosus
333 302 371 344 est
379 296 421 344 ille
427 309 524 358 aquo
534 297 595 345 deus
605 298 692 359 distat,
719 312 780 361 gau·

82 362 127 409 dio
136 376 196 411 voro
206 368 231 410 et
238 362 334 411 laetius
341 363 444 428 plenus,
461 364 501 411 cui
510 364 639 426 proximus
650 371 688 413 est
689 399 778 412 ...........
798 370 845 415 259

45 428 190 478 Creaturss
203 427 325 478 familiare
338 436 418 479 estex
428 432 642 480 consummatione
652 432 779 481 advertere

83 496 199 559 singula,
217 497 264 545 deo
278 511 336 546 vero
351 503 376 546 et
390 504 448 546 anto
462 498 613 562 principium
626 499 780 549 animadver-

82 571 137 612 tere
139 598 776 613 .............................................................................
795 570 842 615 261

46 630 181 679 Honorem
194 638 303 680 meretur
317 632 428 694 sapiens,
447 625 497 681 no'n
508 634 563 695 ipsc
574 633 641 682 solus
651 632 779 682 honorans

83 698 214 758 virtutem,
232 699 276 748 ssd
288 698 365 748 etiam
376 700 403 748 in
417 700 472 748 aliis
487 701 637 749 desiderium
648 701 702 749 eius
712 700 779 751 exci-

83 773 149 813 tans.
161 801 777 817 ...........................................................................
804 794 834 807 -

46 832 149 880 Affines
162 841 219 882 sunt
232 833 346 895 virtutes,
364 835 446 897 pistas
459 834 552 896 (cultus
566 834 617 894 dei)
632 834 779 883 ethumani·

85 907 132 947 iad·
142 933 777 950 ............................................................................
795 906 844 951 269

47 965 109 1015 Non
119 968 270 1018 omnislicet
277 982 352 1031 ngare
360 968 442 1017 filios
434 983 461 1016 m
470 974 607 1029 conspeetu
617 966 695 1029 patris
697 1003 777 1015 ..........
803 994 838 1005 -

46 1034 501 1099 Diciturspudpuerosmsdicorum,
522 1034 589 1097 quod
598 1040 671 1095 potus
682 1048 732 1081 non
745 1034 779 1082 ci·
841 1074 845 1081 .

83 1101 132 1151 bns
141 1109 191 1161 cst,
207 1104 252 1152 sed
262 1116 348 1151 currus
356 1102 406 1151 cibi
408 1135 777 1151 .............................................
796 1103 844 1149 272

49 1167 159 1232 Sapiens
168 1169 459 1232 plurimahabstarcana
461 1202 777 1218 ......................................
804 1194 836 1203 —

48 1234 160 1297 Sapiens
169 1239 239 1299 pacis
249 1245 288 1286 est
296 1252 383 1286 amans
394 1244 419 1285 st
428 1236 527 1285 nescim
541 1233 722 1292 dimicationis,
741 1241 778 1283 at·

86 1303 258 1365 qusdsristns,
272 1311 374 1353 uttotus
384 1304 473 1353 divinis
482 1310 555 1353 vacet
564 1300 778 1364 contemplationi·
845 1338 847 1345 ,

83 1370 132 1418 bus
133 1404 777 1419 ..............................................................................
796 1371 844 1417 282

48 1436 156 1499 'liiplex
174 1445 213 1488 est
228 1439 427 1488 nominatissima
440 1438 505 1487 vitas
518 1437 594 1486 ratio:
626 1435 778 1497 contempla-

84 1505 148 1566 tiva,
166 1507 295 1570 operativa
308 1513 334 1556 et
347 1507 488 1556 condecens
501 1504 649 1569 (dequibus
663 1502 726 1566 ogit)
728 1536 777 1552 ......
796 1506 845 1552 283

49 1573 125 1622 Multi
138 1575 234 1623 maiora
247 1575 416 1624 desiderantes
432 1575 515 1623 modia
524 1587 623 1636 quoque
633 1573 688 1634 ipsa
697 1572 778 1635 perdi·
879 1567 883 1586 “

86 1640 186 1702 derunt,
203 1642 490 1705 qnaeappeterefasest
491 1675 777 1690 ..................................
803 1665 838 1677 -

49 1706 158 1767 Nescio,
176 1723 209 1758 an
220 1709 364 1772 ignorantie
377 1710 513 1760 concordet
522 1724 580 1758 cum
589 1707 691 1757 iustitia.
721 1706 779 1756 Non

85 1774 150 1824 sicut
160 1777 326 1826 voluntarium
338 1784 470 1840 peccatum
484 1776 599 1838 iniquum
618 1781 668 1835 est,
687 1775 723 1824 sic
740 1776 778 1823 in·

85 1841 251 1893 voluntarium
264 1845 401 1894 secundum
411 1845 579 1908 ignorantiam
593 1843 660 1892 illico
675 1843 777 1892 iustum,

85 1909 219 1962 Peccatum
227 1911 369 1960 nullatenus
377 1918 416 1961 est
427 1927 490 1974 opus
503 1911 613 1961 iustitiae
616 1946 776 1960 ....................
796 1913 843 1956 296

49 1975 110 2025 Non
119 1991 217 2027 omnem
226 1979 354 2027 veritatem
363 1980 479 2028 convenit
488 1980 571 2028 dicere
581 1979 646 2041 apud
660 1991 776 2038 omnes...
796 1981 844 2025 298

50 2044 110 2092 Lex
119 2045 427 2109 est‚utexinsipiontibus
436 2046 519 2095 nullus
529 2047 562 2094 sit
569 2060 623 2094 rex
648 2043 779 2106 Siquidem

86 2124 127 2159 ars
136 2118 175 2160 sst
183 2113 306 2174 quaedam
316 2113 414 2176 regium
421 2113 470 2162 hoc
480 2127 584 2172 munus,
597 2120 622 2161 et
630 2111 720 2160 artifex
734 2110 778 2158 ho·

86 2179 225 2228 movifflte
238 2181 366 2242 praeditus
369 2211 777 2230 .................................................
797 2180 844 2228 304

52 2236 179 2308 Sapientis
194 2247 279 2296 anima
291 2247 359 2298 velut
370 2261 474 2297 aeneam
487 2246 635 2307 imaginem,
657 2241 779 2292 inanima·

86 2321 138 2360 tum
151 2328 182 2362 ac
192 2329 268 2378 grave
281 2329 373 2379 corpus
385 2314 493 2373 habens,
512 2325 610 2374 semper
618 2316 744 2362 mortuum
753 2308 779 2356 iu
797 2381 811 2424 3

86 2382 198 2443 cogerit
203 2411 777 2431 ......................................................................
813 2382 844 2427 οι

49 2446 175 2509 Insipisus
188 2450 264 2499 tradit
278 2449 397 2499 interiora
410 2453 511 2511 propter
528 2445 665 2505 exteriora,
684 2443 769 2494 anima

86 2522 245 2578 moestum
253 2524 356 2580 propter
372 2514 510 2566 sensibilia
513 2547 778 2564 ................................
797 2515 844 2562 308

52 2581 151 2643 Corpus
160 2583 272 2631 nondum
280 2584 441 2646 subiugatum
449 2580 779 2635 mentisubisctumestnlie·

85 2663 133 2698 nse
142 2650 270 2712 potentiss
279 2659 305 2701 st
313 2651 440 2701 detentum
449 2649 481 2699 ab
495 2649 605 2700 extemis
607 2683 777 2699 .....................
797 2651 844 2696 ³09
