2050 3100
138 192 190 245 iit
266 188 707 247 uum.1un.oususr.ar
731 188 809 235 son.
832 182 944 249 [mam]

139 294 220 350 modo
233 293 377 366 indigens,
398 290 448 345 sed
461 290 561 361 ipsein
572 292 673 363 seipso
684 289 847 347 laetificatus
859 298 943 361 atque

138 373 167 425 in
182 370 241 424 suis
254 366 408 423 virtutibus
421 364 590 437 mundisque
603 382 658 419 ase
668 364 797 441 eopditis.
837 366 944 423 Invisi-

138 445 205 498 bilis
219 439 334 529 vero·[*]
346 442 425 495 illius
440 440 532 507 ideae,
555 457 626 511 quae
640 440 792 496 indicativa
803 448 845 496 est
855 439 941 495 huius

138 518 320 591 compagium,
332 518 556 587 incorporearum
565 516 721 586 specierum
731 532 876 572 mensurae
887 515 940 570 bae

59 598 69 613 ⁶
138 602 216 657 sunt,
237 608 332 647 omnes
346 591 410 646 illas
423 608 484 645 esse
499 592 529 645 in
546 590 731 647 similitudine
742 589 884 661 formaque
895 591 942 648 iu-

138 667 262 722 visibiiis
279 666 439 740 (creatoris).
478 668 540 722 lure
559 666 654 736 itaque
673 667 784 737 sapiens
801 680 940 723 summam

137 759 230 797 rerum
244 751 320 797 ratus
334 740 369 796 ad
383 740 467 797 deum
479 739 708 805 similitudinem,
723 748 865 815 ¹quantum
878 740 939 795 lieri

136 825 242 888 potest,
263 827 384 871 creatum
394 818 515 872 increato
526 823 553 870 et
562 816 705 872 mortalem
716 816 864 875 immortali
874 814 941 871 iun-

137 909 203 963 gere
221 893 332 955 nititur,
354 891 425 945 nihil
445 890 578 950 deficiens
598 891 643 947 vel
663 892 692 945 in
707 890 891 949 exsultatione
904 890 940 945 ab

137 968 199 1021 eius
218 966 429 1022 similitudine..
453 965 638 1032 Quamobrem
657 966 750 1037 ipsum
767 982 878 1037 queque
895 966 941 1021 lu-

136 1041 205 1097 dum
225 1042 408 1098 immutabilis
427 1040 588 1112 solidaeque
608 1042 719 1097 virtutis
742 1049 851 1099 exereet
874 1058 939 1095 eum

135 1117 275 1183 Rebecca,
294 1119 375 1172 euius
389 1131 488 1171 nomen
500 1117 733 1187 perseverantiam
748 1116 782 1188 (s.
796 1117 942 1187 perpetui-

136 1193 231 1265 tatem)
241 1194 382 1266 exprimit.
413 1190 579 1246 Huiusmodi
590 1208 655 1247 vero
665 1192 755 1249 ionum
766 1191 828 1246 sive
838 1192 941 1247 iucun-

136 1268 250 1323 ditatem
261 1269 369 1323 animae
378 1266 599 1337 malusquilibet
613 1267 715 1330 nascit,
736 1267 803 1337 quia
818 1282 872 1321 non
888 1265 942 1321 ba·

136 1342 183 1398 bet
196 1345 412 1414 eonnuptionem
426 1342 490 1397 oiim
509 1341 579 1395 mira
597 1340 748 1413 voluptate.
788 1340 940 1398 Profieiens

136 1421 229 1470 autem
237 1426 378 1487 tamquam
389 1420 441 1487 par
448 1417 596 1473 terestrem
607 1416 678 1473 vidit
687 1415 939 1487 quuomsednon

136 1743 233 1814 liguris
247 1744 410 1806 mustituto,
431 1746 529 1800 merito
543 1763 689 1803 mensurae
703 1747 898 1802 universorum
908 1747 940 1800 in

135 1818 226 1887 ipsius
237 1817 369 1872 visibiles
378 1827 445 1886 suut
458 1836 508 1890 pro
523 1821 664 1877 imitaeulo
678 1829 761 1878 verne
774 1829 856 1892 atqua
869 1837 941 1894 syn-

136 1890 214 1946 asiae
224 1907 361 1962 supamao
370 1894 513 1966 imaginis.
552 1895 723 1970 Quapropter
731 1897 844 1968 sepiens
853 1894 942 1952 linem

134 1964 288 2038 perlectum
300 1968 473 2024 aestimando
488 1971 642 2026 assimilare
656 1972 709 2027 deo
722 1977 789 2028 tine
804 1971 942 2042 oepitna-

134 2041 262 2096 esibilem
273 2042 367 2101 innato
376 2045 544 2110 uenientum,
558 2044 671 2102 festinat
679 2064 733 2102 nen
742 2047 842 2102 deesse
851 2045 941 2104 huius

136 2115 331 2171 similitudinis
344 2119 577 2185 atramentariis,
594 2122 675 2176 euius
686 2139 769 2177 eausa
774 2121 817 2178 ide
824 2137 854 2175 re
863 2119 942 2178 dioi-

133 2199 194 2254 uu,
209 2207 272 2246 oum
283 2191 599 2250 firmaraeindaolinabiii
608 2196 809 2260 similitudine,
819 2195 942 2254 ‚suino-

134 2281 198 2323 men
207 2263 331 2322 uebaaca
341 2277 396 2333 est,
408 2271 814 2344 perseverantia-interpretata,
829 2278 878 2328 aut
887 2287 941 2342 pro

134 2345 302 2412 sempiterna
318 2341 463 2399 hilaritate·
470 2346 562 2401 anima
577 2345 739 2402 delectatur·
776 2348 854 2402 ilaue
873 2361 942 2416 por-

134 2416 237 2471 tionem
243 2417 342 2472 nullus
350 2417 466 2472 b'abebit
473 2420 623 2485 malorum,
634 2439 689 2476 neu
699 2427 781 2493 aptus
791 2420 821 2478 fit
830 2421 940 2491 nuptiis

133 2490 280 2562 religiosas
291 2492 322 2547 'ac
332 2493 395 2564 piae
405 2494 564 2556 suavitatis,
587 2509 689 2550 munus
702 2505 795 2550 tamen
803 2503 940 2566 tanquam

134 2562 169 2616 de
180 2564 299 2621 fenestra
308 2566 442 2638 prospicit
451 2568 580 2637 quidem,
593 2585 648 2622 non
658 2577 751 2624 tamen
760 2577 863 2641 purum
872 2587 940 2628 san-

133 2637 167 2688 tit
184 2649 365 2711 utrarumque
382 2642 482 2712 iugum
500 2641 595 2713 (mory.
616 2643 731 2714 iocum),
756 2645 838 2698 euius
857 2660 939 2698 meus

134 2706 243 2766 dubitat
253 2715 336 2769 eitius
347 2715 443 2786 (aurp
454 2715 572 2786 acutius)
587 2731 698 2771 eernere
713 2717 840 2785 m'eliorm
867 2718 939 2774 solet
