2050 3100
160 269 194 321 ot
389 272 573 319 ruinosus
596 271 733 318 runaut
877 266 958 336 [rar]

163 374 318 446 apologiam
333 382 503 437 construere,
523 390 568 428 res
578 380 667 426 tamen
679 373 739 442 ipsa
750 369 957 429 evidentissima

161 458 213 504 est.
227 450 283 504 lloc
290 448 365 504 dicto
373 450 403 505 in
412 449 524 504 alteram
534 446 680 503 transferar
689 446 837 520 apologiae
849 458 956 521 partein.

216 559 260 612 77.
280 559 373 613 Lunae
382 557 518 630 phasibus
527 555 670 628 speciatim
680 555 788 611 fructus
799 565 883 613 nocte
895 575 957 630 quc-

160 632 306 706 dammodo
316 641 499 687 maturescere
508 627 650 698 videntur}
682 630 791 686 debiles
805 645 957 705 namqueet

160 709 250 780 magis
262 707 394 762 femineos
405 708 532 761 emittens
541 705 710 778 splendores,
723 723 774 761 nec
784 724 843 762 non
853 725 955 764 serenos

161 783 219 854 (aut
229 799 289 838 rore
298 782 447 854 praeditos)
457 782 560 853 optime
570 781 651 836 lactat
662 781 828 836 enutriendo
840 792 868 839 et
878 784 955 840 adau-

158 855 259 930 gendo.
299 856 528 928 Quandoquidem
547 855 650 910 nimius
669 856 868 928 violentusque
891 860 955 914 calor

159 932 325 988 exsiccando
335 949 457 987 arescere
467 930 545 999 lacit,
567 931 688 1001 quivero
698 930 804 1002 absque
817 934 954 989 exustione
999 995 1000 1004 ἵ

159 1015 214 1073 est,
236 1007 334 1063 leniter
348 1025 381 1064 ac
394 1007 528 1079 paulatim
541 1005 727 1061 calefaciendo
737 1005 808 1061 solet
817 1009 953 1078 perlicere.
999 1023 1000 1030 ’

214 1118 258 1170 78.
292 1117 403 1170 Dierum
426 1123 518 1169 autem
535 1113 712 1184 noctiumque
732 1114 954 1186 inaequalitatem
999 1117 1000 1124 ’

159 1189 205 1247 Sol
215 1189 356 1262 producit,
372 1189 554 1262 inaequaliter
563 1207 595 1244 ac
604 1190 680 1244 varia
690 1189 751 1262 lege
762 1191 954 1256 circumactus,
999 1197 1000 1254 i

158 1276 186 1321 et
195 1283 245 1338 per
255 1282 396 1320 accessum
406 1281 601 1336 secessumque
611 1272 740 1329 aestates,
758 1264 871 1322 hiemes
881 1277 957 1325 etae-
999 1269 1000 1272 ’

158 1342 457 1414 quinoctiaperagens,
478 1356 550 1411 quae
565 1347 764 1410 sunt-tempora
780 1357 893 1409 annua,
915 1363 959 1399 na-

157 1416 267 1481 scendi,
289 1416 445 1480 crescendi,
469 1414 645 1486 perfectionis
665 1416 789 1470 omnium
808 1403 867 1473 sub
889 1421 960 1476 caelo

158 1509 250 1546 causa.

211 1585 254 1636 79.
288 1584 413 1655 Eclipses
436 1600 501 1639 vero
526 1582 648 1639 luminis·
664 1582 715 1637 etsi
736 1596 883 1655 supponat
901 1590 962 1660 quis

157 1657 233 1711 haud
242 1658 405 1728 primarium
416 1676 475 1713 esse
485 1658 531 1712 dei
541 1674 624 1728 opus,
645 1657 775 1728 primarii
785 1666 886 1718 tamen
900 1681 963 1719 con-

157 1732 330 1804 sequentiam
339 1734 451 1789 omuino
460 1750 521 1789 esse
531 1750 585 1787 non
596 1731 743 1795 dubitabit,
756 1732 882 1793 fateatur
889 1739 963 1793 enim

156 1823 268 1861 necesse
276 1815 318 1862 est
326 1810 465 1881 cooperari
476 1808 511 1863 ad
521 1806 644 1863 universi
656 1807 829 1865 firmitatem:
851 1814 878 1867 si
891 1817 965 1869 enim

156 1898 267 1936 causam
278 1883 449 1953 explorabis,
461 1901 516 1955 qua
527 1884 594 1938 baec
605 1890 735 1954 aguntur,
753 1900 897 1957 magnum
908 1908 965 1943 am-

154 1957 289 2027 plumque
298 1974 368 2029 opus
377 1960 512 2023 invenies,
526 1957 964 2029 quodincornpreheusibilicon-

154 2032 253 2085 stantia
264 2031 388 2089 animum
396 2036 484 2106 possit
494 2034 660 2093 exhilarare.

209 2127 253 2178 80.
273 2124 356 2191 Vide,
373 2141 456 2197 quam
466 2126 538 2181 bene
548 2123 750 2197 expergefaciat
760 2124 963 2187 abhorrentem

155 2216 170 2251 a
185 2198 375 2271 philosophia,
396 2201 544 2275 lyricorum
556 2198 592 2274 [Ἴ
604 2209 746 2271 poetarum
755 2202 888 2272 optimus
899 2207 964 2262 Pin-

105 2323 108 2329 .
155 2272 253 2339 durus,
264 2275 381 2348 eclipsin
392 2276 508 2330 intuitus
520 2275 591 2329 lucis
601 2274 684 2329 Solis.
723 2276 797 2332 Dicit
806 2281 907 2336 enim:

210 2352 322 2404 lindiam
330 2350 411 2412 Solis,
427 2359 497 2418 tyro,
517 2352 628 2404 maltum
636 2354 744 2413 intueri,

104 2433 107 2437 ’
209 2428 327 2479 aecimis
335 2430 460 2478 concedar
469 2429 521 2479 tuis
529 2427 612 2480 oculo
622 2430 760 2493 corporcis.

208 2498 288 2552 &dua
296 2502 502 2565 superexcellens
512 2503 720 2569 dictavocctcaa

263 2576 332 2638 quod
340 2589 425 2639 repent
435 2578 603 2637 constituisti,

207 2647 328 2697 virtatem
337 2650 405 2708 arca,
421 2664 472 2715 qao
481 2655 506 2700 ct
514 2650 658 2713 sapientiae

260 2721 320 2769 vioe
329 2728 482 2773 waacscuat
490 2724 621 2782 uncbroe,

205 2799 294 2850 roqora
302 2793 459 2854 iuveniliter,
477 2800 694 2861 qacmatttert'as.
