2050 3100
175 257 203 309 ld
395 259 579 306 PHILONIS
598 257 735 303 lunum
893 254 924 320 [l,
936 254 964 319 9.]

171 361 246 418 modi
258 359 476 415 dissolutionem.
515 360 609 429 ltaque
619 358 671 412 hoc
681 357 762 412 modo
775 358 970 414 universorum

173 445 296 492 naturam
311 434 524 505 contemplantes
535 433 733 504 adversamque
744 434 913 488 sententiam
923 452 971 506 op

172 517 325 584 pugnantes
337 517 442 580 oportet
456 509 594 579 sapienter
608 526 639 563 ac
649 525 711 562 cum
723 507 833 562 delectu
844 526 878 563 ea
887 527 971 582 quae-

170 603 243 649 rere,
267 601 337 654 quae
352 583 386 637 ad
402 584 460 638 veri
474 585 600 638 notitiam
619 591 725 638 nosmet
738 582 910 654 perducant,
934 594 972 640 at-

170 677 225 732 que
247 660 366 729 seposito
385 657 555 729 praeiudicio
574 659 755 713 certissimam
777 659 971 734 investigatio-

170 748 233 789 nem
247 734 333 788 adire.

228 862 269 913 to.
284 861 383 914 Totae
395 860 487 930 itaqua
498 867 525 914 et
535 860 605 914 adsis
615 866 712 914 natura
721 860 880 916 examinata
891 869 969 932 atqua
1001 881 1002 926 l

170 951 307 1006 porpsnsa
330 935 437 990 nnllam
461 935 490 988 iu
515 935 576 988 istis
600 933 725 988 invenias
750 933 937 990 differentiam
956 953 968 988 a

170 1010 287 1065 casuris
300 1009 398 1064 mundi
413 1008 552 1080 partibus,
573 1009 628 1074 nisi
642 1007 718 1080 quod
731 1010 815 1063 unius
829 1010 968 1066 eiusdem-

169 1101 226 1157 que
236 1094 348 1140 naturae
357 1093 400 1150 ast
408 1093 493 1139 totum
504 1084 534 1138 in
544 1089 645 1156 genere
657 1082 695 1155 (ut
708 1093 761 1138 tota
771 1093 844 1138 terro
854 1094 968 1155 totusque

171 1159 242 1233 aiil·
261 1169 289 1215 ot
301 1169 392 1214 tamen
411 1159 556 1229 utriusque
575 1159 709 1212 terminus
727 1160 870 1230 generatio
886 1170 929 1216 est
942 1176 967 1214 ac

171 1251 251 1290 corru
271 1235 319 1290 tio.
357 1234 448 1300 Quum
462 1234 536 1288 enim
551 1233 603 1288 ista
613 1233 736 1288 subiecta
747 1233 803 1288 sint
812 1234 965 1294 mutationi.

170 1253 317 1364 varialioni
332 1319 358 1364 et
371 1307 610 1372 conversionibus,
632 1307 713 1362 finem
728 1303 810 1363 etian'n
827 1308 933 1365 babent
946 1317 967 1363 et

170 1385 399 1456 permutationem
409 1391 520 1439 naturae
531 1399 597 1437 snae
608 1382 644 1436 ab
652 1383 730 1454 igne,
752 1384 790 1438 ita
799 1391 831 1437 ut
841 1400 967 1439 consum·

166 1469 217 1530 ‘pta
233 1460 314 1532 longo
327 1475 410 1531 opero
424 1476 456 1514 ac
469 1457 614 1513 deficiente
629 1465 683 1512 tota
696 1457 814 1512 naturali
830 1457 966 1516 fertilitate

171 1535 398 1607 germinationem
408 1552 462 1589 non
471 1533 588 1589 ulterius
599 1540 670 1588 terra
679 1550 744 1605 prae
754 1550 784 1588 se
794 1531 880 1589 serat:
902 1550 967 1607 quaa
1001 1531 1002 1559 ¹

171 1626 237 1663 sane
246 1626 355 1680 semper
364 1612 402 1665 ita
412 1610 513 1669 habere
524 1609 670 1673 voluisset,
690 1608 739 1663 sed
749 1626 802 1663 non
813 1612 922 1680 potuit,
937 1609 966 1663 ab

170 1685 236 1756 igne
246 1684 392 1756 impedita,
407 1702 443 1739 ne
452 1686 576 1757 germina
586 1684 727 1755 producat,
739 1683 784 1739 vel
794 1686 968 1757 corruptions

172 1775 304 1829 aquarum
318 1775 433 1813 coenosa
442 1759 564 1829 reddita,
584 1768 611 1814 et
622 1760 700 1814 aliter
710 1760 792 1813 etiam
803 1759 869 1814 aliis
881 1762 968 1816 varia-

166 1832 293 1887 tionibus
302 1841 465 1905 permutata.
485 1828 627 1899 Quomodo
638 1834 715 1889 illam
723 1835 816 1905 itaque
827 1834 969 1891 immorta-

171 1908 225 1979 lem
240 1907 332 2036 diceps
347 1918 536 1979 praesumant,
559 1910 608 1982 qui
623 1910 773 1982 sapientiae
786 1910 918 1983 vestigiis
929 1911 969 1965 in-

170 1984 298 2038 stiterunt

230 2112 269 2163 lb.
290 2110 372 2166 Porro
384 2110 519 2167 theoriam
534 2130 549 2167 a
564 2130 608 2167 me
620 2113 753 2184 prolatam
763 2128 813 2167 nec
824 2130 839 2167 a
850 2112 969 2168 Graeco

171 2200 232 2239 rum
242 2184 390 2257 disciplina
399 2188 477 2242 reiici
492 2187 692 2243 animadverto:
713 2188 818 2259 quippe
828 2189 880 2258 qui
891 2188 969 2243 dixe-

169 2261 227 2315 rint
235 2260 380 2316 sensibilia
390 2262 487 2317 mundi
498 2278 610 2334 corpora
621 2262 675 2317 sub
683 2260 761 2317 lluxu
774 2279 805 2316 ac
815 2264 970 2334 corruptio

172 2352 207 2390 ne
217 2351 287 2400 esse,
300 2344 393 2407 utpote
404 2337 472 2402 loco,
487 2339 584 2401 motui,
597 2336 751 2408 tribusque,
764 2354 833 2408 quas
844 2337 968 2399 exhibet,

172 2410 392 2481 dimensionibus
401 2412 530 2468 obnoxia.
557 2412 610 2466 Ubi
621 2414 670 2483 qui
681 2410 719 2487 [*]
733 2412 847 2467 caeteris
857 2414 971 2484 sapien-

168 2487 253 2540 tiores
268 2485 344 2541 iuere
358 2494 438 2559 atquo
453 2503 580 2559 magnam
600 2488 750 2557 sapientias
768 2486 881 2541 laudem
897 2487 971 2542 obti-

170 2576 269 2624 nuers,
290 2570 391 2633 negant
403 2574 516 2633 corpora
526 2561 670 2616 sensibilia
680 2568 811 2634 perpetuo
821 2578 879 2616 uno
888 2561 970 2618 modo

170 2650 200 2685 se
215 2634 328 2698 babere,
352 2637 469 2691 naturali
483 2637 645 2691 necessitate
665 2645 786 2703 vetante;
807 2636 857 2691 sed
870 2637 902 2691 id
919 2637 971 2691 soli

170 2705 221 2759 deo
240 2708 300 2761 iura
319 2709 496 2765 tribuendum
515 2726 589 2773 esse,
620 2714 720 2783 'nempe
738 2720 769 2767 ut
787 2720 923 2784 perpetuo
944 2728 971 2765 ss

170 2777 268 2834 babeat
281 2782 377 2835 eodem
392 2784 481 2839 modo.
819 2818 822 2823 ·
