2050 3100
77 293 188 363 [ustor]
251 299 291 345 ru
310 298 486 345 cnunsrrv.
505 299 633 345 senno
652 300 694 347 1v.
827 292 876 349 tta

76 400 165 457 multa
174 400 288 454 iniusta.
317 400 404 456 Habet
414 402 496 455 etiam
505 417 589 454 unam
599 408 691 473 togcrn
700 400 803 473 oppido
812 402 877 473 pul·

76 476 187 531 ohram:
212 474 347 530 sensibile
360 475 492 530 videlicet
504 484 533 530 et
546 476 720 547 superficiale
732 492 878 532 ornamen-

76 561 151 613 tum,
161 568 194 605 ac
203 550 295 615 illam,
309 568 380 623 quae
390 568 480 622 usque
489 551 520 605 in
531 550 615 613 verbe
624 550 774 623 disciplina
782 561 824 608 est
833 554 878 607 in-

75 626 261 697 telligentiae,
283 642 422 697 quamque
436 642 472 680 ex
482 626 630 699 encyclicis
641 626 742 682 studiis
751 627 877 683 nonnulli

76 701 231 773 possident.
264 702 349 755 Nemo
358 701 433 755 enim
443 699 496 775 luit
506 718 638 772 umquam
646 702 767 773 perlecto
777 704 875 766 malus,

76 776 127 832 aed
137 793 173 831 ex
182 776 327 831 contrariis
338 777 442 831 mixtus
452 784 507 841 est,
520 777 592 833 iusto
602 784 628 833 et
638 777 755 843 iniusto,
767 779 841 850 turpi
852 787 879 835 et

76 850 208 923 pulchro,
230 859 313 921 atque
326 852 479 907 universim
492 868 530 905 ex
543 852 615 907 bono
630 861 657 907 et
675 853 757 908 malo.
797 854 878 908 Porro

77 927 182 998 optime
193 924 266 980 dixit
275 924 457 997 Epicharmus
468 924 512 999 (ol.
522 926 729 1001 Epimarohus):
745 927 878 995 Quicum-

76 1018 146 1073 que,
163 1002 215 1065 ait,
232 1002 325 1055 minus
334 1001 487 1073 delinquit,
503 1003 625 1073 optimus
637 1000 674 1077 [Ἴ
686 1010 728 1059 est
741 1004 799 1072 vir;
829 1021 878 1058 ne-

76 1093 123 1133 mo
136 1085 179 1132 cst
193 1077 269 1131 enim
283 1077 429 1141 innocens,
453 1093 534 1133 nemo
549 1077 682 1149 vituperii
697 1094 806 1149 expers.
844 1080 878 1134 Et

76 1150 241 1223 Euripides:
265 1150 530 1217 Quiinoontinentes
541 1161 606 1209 sunt
615 1161 642 1209 et
651 1152 788 1210 redundat
797 1154 826 1207 in
836 1154 877 1207 eis

77 1396 146 1451 dum
160 1396 256 1451 nullus
269 1394 330 1449 sine
341 1403 454 1467 peccato
467 1394 605 1467 Erupides
617 1394 709 1466 (meru.
720 1392 879 1467 Euripides)

77 1488 189 1543 quoque
214 1470 353 1525 neminem
375 1469 647 1541 irreprehensibilem
670 1469 756 1532 dixit,
787 1477 878 1527 tamen

77 1545 247 1619 quibusdam
258 1544 432 1601 abundantur
440 1544 535 1618 (uturp.
548 1543 697 1620 abundant)
710 1545 877 1603 malitiarum

77 1622 199 1678 fomenta
218 1622 323 1694 turpia,
352 1622 463 1694 iniqua,
495 1621 562 1677 adeo
582 1623 677 1694 pravis
697 1621 878 1680 adversantur

75 1700 198 1762 strenui,
218 1695 387 1771 quibusdam
397 1705 488 1753 tamen
496 1698 536 1752 ita
548 1696 711 1754 altrinsecus
723 1699 795 1754 inest
807 1705 878 1756 tem-

75 1775 216 1846 perantis,
236 1781 268 1829 ut
281 1772 408 1828 nonnulli
422 1773 515 1828 omnia
529 1773 649 1846 pessima
662 1773 803 1830 obtineant
813 1775 878 1830 ahs-

75 1848 288 1920 queunobono,
309 1847 877 1920 *lnonnulliomnianecessa‘riasineullo

74 1924 161 1978 malo.
187 1922 261 1990 Quos
269 1923 340 1979 solet
348 1923 526 1996 philosophia
537 1941 658 1980 summos
669 1941 767 1980 vocare
777 1942 878 1980 secun-

75 1998 145 2054 dum
159 1999 295 2054 malitiam
309 2006 336 2053 et
350 2001 491 2054 virtutem.
530 1999 645 2054 Videtur
664 2017 728 2073 ergo
743 1999 778 2056 de
793 2001 877 2056 indu-

75 2076 145 2130 stris
156 2073 276 2139 dixisse,
295 2082 322 2129 ct
333 2091 369 2129 ex
378 2083 483 2146 aperto:
505 2074 592 2132 rurali
602 2091 666 2130 vero
676 2075 774 2132 stolam
784 2085 877 2148 aptam

75 2166 131 2203 non
142 2166 218 2212 esse,
240 2148 303 2204 ideo
319 2148 393 2221 apud
406 2158 522 2206 matrem
537 2148 602 2214 fuit,
622 2166 674 2204 nec
689 2149 755 2206 dum
770 2149 813 2206 illi
827 2151 877 2206 do·

74 2232 153 2288 nata,
174 2224 224 2279 sed
237 2225 310 2279 iusto
325 2233 472 2280 reservata.
511 2225 553 2279 Tu
567 2225 592 2278 si
607 2242 688 2279 unam
701 2224 803 2280 habere
812 2244 877 2298 spe-

74 2299 150 2352 ciem
166 2298 335 2354 laudabilem
352 2301 433 2371 quasi
449 2299 629 2370 spectabilem
649 2309 695 2355 aut
712 2309 874 2372 pretextam,

75 2373 120 2428 vel
131 2373 267 2428 urbanam
277 2391 421 2430 censuram
432 2375 546 2430 caeteris
560 2374 689 2429 omnibus
703 2377 876 2447 vituperabi-

76 2447 110 2502 lis
125 2450 302 2505 constitutus.
341 2451 455 2504 Fautrix
472 2466 538 2504 vero
557 2459 643 2504 mater
658 2451 764 2504 animae
780 2468 876 2522 perse-

76 2525 213 2589 verantia,
233 2522 384 2580 decernens
398 2523 544 2597 nequando
558 2524 661 2578 imbrui
671 2523 814 2596 depereat,
835 2525 875 2578 si·

75 2598 134 2654 mul
145 2598 304 2654 etunilaria
313 2597 453 2672 conlingat
462 2601 556 2663 ruina,
578 2598 652 2671 apud
666 2617 695 2654 se
709 2597 874 2652 reservando

74 2681 100 2728 et
110 2673 294 2730 custodiendo
302 2675 401 2730 stolam
411 2682 617 2737 asseverantur,
637 2689 692 2744 qua
707 2679 816 2741 accepta
830 2687 875 2725 or-

125 2849 149 2895 *ι
163 2849 223 2897 Quae
233 2848 310 2889 dehinc
318 2854 446 2898 sequuntur,
460 2849 538 2887 desunt
546 2849 568 2886 tn
578 2847 636 2885 Arm.

622 2894 670 2952 oa
