2050 3100
55 207 170 286 pseu]
229 216 687 265 rsuuuusruseuuorv.
815 215 861 269 ⁴23

54 323 109 374 rios
124 336 176 391 per
191 318 382 374 adorationem
396 324 479 388 atque
493 317 550 372 sibi
563 318 714 374 conciliaus
726 320 859 385 suaviter,

54 404 191 466 quantum
205 392 357 465 putabatur
371 391 502 463 expedire
518 393 553 447 ad
567 394 761 459 alliciendum,
779 396 816 450 ita
832 404 862 451 ut

55 488 108 524 nou
128 469 266 533 dimittat,
298 468 355 522 uisi
375 468 453 539 prius
474 476 612 523 mortuum
632 486 714 523 suum
731 469 859 541 deponat,

57 546 105 599 vix
117 543 233 599 tradens
248 560 363 615 cerpus,
391 541 441 597 sed
457 545 661 614 possessionem
674 545 795 616 sepulcri
813 563 862 599 su-

58 636 148 684 mens,
171 636 228 673 non
240 618 279 673 ita
289 617 459 689 sepulcrum.
499 617 643 673 Caeterum
654 636 773 691 aequum
783 628 862 675 estet

58 694 128 749 iilud
137 694 302 757 observare,
323 692 399 763 qued
412 692 461 763 qui
471 690 623 764 loquuntur
637 695 709 749 sicut
723 694 859 766 exempla,

58 769 219 840 sepulcrum
232 768 407 823 monumenti
424 768 505 823 titulo
522 768 659 833 vocitant,
680 770 792 840 sapiens
811 787 861 825 au-

58 854 111 900 teur
132 860 189 899 non
213 843 374 915 sepulcrum
397 850 428 897 ut
451 852 672 908 monumentum,
694 844 745 899 sed
762 862 862 899 mouu-

57 920 142 974 menti
155 918 341 973 hereditatam
354 920 416 973 sire
427 919 632 990 possessionem
644 920 766 991 sepulcri
780 920 859 975 dicit.

56 992 164 1060 Quare?
192 992 331 1059 Quoniam
349 992 392 1048 illi
410 994 544 1049 memorie
561 993 679 1067 dignum
700 996 860 1050 existimant

56 1086 156 1141 corpus
166 1068 445 1141 tantumetsingulas
455 1070 646 1141 rescorporis‚
667 1070 720 1124 iste
730 1087 860 1125 veronen

57 1145 137 1207 haec,
154 1143 206 1198 sed
216 1143 371 1199 dominium
382 1143 443 1199 sive
452 1146 656 1217 possessionem
665 1161 775 1207 earum,
794 1152 862 1199 utet

55 1220 186 1291 superius
193 1218 365 1275 dictumest.

60 1401 140 1461 Quare
164 1401 238 1452 dicit.-
264 1399 322 1464 „Si
339 1400 472 1451 haberitis
490 1402 679 1463 cremarentur,
706 1409 733 1451 ut
749 1401 860 1467 sepeliam

123 1479 239 1519 mertuum
258 1469 361 1532 (meum)
380 1485 397 1517 a
410 1470 480 1533 facie
500 1486 565 1532 meu,
594 1468 675 1519 audite
691 1486 727 1518 me
745 1479 768 1518 et
786 1470 861 1535 lequi-

122 1537 183 1588 miru'
195 1555 243 1602 pre
262 1553 298 1586 rae
317 1553 367 1586 cum
384 1536 486 1602 Ephron
499 1536 557 1600 filie
578 1535 674 1601 Satur,
700 1546 727 1590 ut
744 1538 785 1590 det
804 1540 862 1592 mitt

121 1605 260 1685 'mm
278 1603 405 1722 “ii''“i'
429 1606 860 1726 ttttttttmut‘ffl

122 1689 313 1804 eerqreimaiigiis')
326 1689 531 1804 momerium
542 1710 721 1792 neonuminti‘ff
740 1745 793 1805 (2³,
803 1693 858 1808 geprp

109 1877 155 1930 78.
187 1875 390 1931 Sensu·rerum
409 1883 554 1948 usurpato,
576 1894 660 1948 quem
678 1878 859 1950 praecedente

56 1951 215 2008 adoratione
225 1952 281 2005 iam
291 1950 432 2006 intimavit
443 1947 480 2026 [Ἴ
493 1951 680 2017 auditoribus,
700 1951 783 2010 dicit:
805 1953 858 2021 Qui

56 2027 140 2081 verba
152 2042 207 2080 non
218 2025 253 2080 ad
264 2024 402 2080 fallaciam
412 2027 567 2098 usurpatis,
588 2027 638 2083 sed
652 2028 687 2082 ad
700 2031 822 2085 animam
832 2039 859 2087 et

56 2109 177 2170 merrtem
184 2142 199 2180 ².
213 2101 244 2155 id
259 2101 398 2166 fatemini,
422 2101 497 2172 quod
512 2118 624 2174 corpore
640 2114 747 2160 mortuo
766 2105 857 2161 induti

56 2193 167 2241 sumus,
191 2185 218 2232 et
232 2184 338 2248 oportet
352 2174 428 2231 istud
442 2176 574 2250 sepelire,
595 2195 650 2233 non
664 2196 730 2235 vero
742 2182 858 2254 permit-

56 2261 112 2306 tere
123 2249 328 2324 cupiditatibus
339 2267 497 2324 exsurgere,
509 2260 537 2306 et
547 2269 699 2309 recrescere
710 2273 741 2310 ac
751 2257 855 2330 vigere,

55 2325 105 2380 sed
115 2344 131 2381 a
142 2326 213 2382 facie
225 2325 323 2400 procul
337 2334 442 2390 tenere,
458 2333 489 2380 ut
499 2327 633 2400 impetus,
645 2329 695 2399 qui
704 2331 857 2387 secundum

57 2401 236 2474 cogitationes
252 2409 385 2474 aguntur,
406 2401 550 2474 impediat.
590 2404 753 2476 Loquamini
764 2409 857 2477 itaque

57 2477 84 2530 iu
94 2476 213 2531 consilio
224 2477 332 2531 animae
342 2493 392 2549 prc
401 2493 459 2540 me,
481 2486 507 2532 et
521 2487 648 2550 apparete
662 2481 732 2534 mihi
742 2489 769 2536 et
780 2481 858 2535 festi-

57 2559 131 2615 nate,
152 2559 185 2608 ut
199 2562 335 2624 quantum
351 2551 467 2625 dignum
481 2560 524 2608 est
536 2555 657 2626 pretium
671 2555 790 2627 argenti,
813 2554 858 2608 di·

106 2723 128 2770 “)
141 2723 167 2763 In
177 2725 239 2764 codd.
250 2723 310 2766 Arm.
320 2735 359 2774 pro
368 2735 438 2765 cerum
447 2727 504 2766 vebis
514 2729 615 2776 scriptum
625 2727 672 2764 erat
680 2727 699 2764 et
707 2725 777 2769 voitu
791 2723 857 2762 Grae·

58 2783 106 2813 cum
114 2775 191 2814 habet:
205 2776 300 2823 tacetis,
315 2773 402 2824 heure.
428 2775 509 2816 Auch.
