2050 3100
67 305 183 373 [neos]
240 312 280 356 ΙΝ
301 311 691 359 ennesiusnuuorv.
809 305 855 359 ult
940 304 942 308 '

67 411 209 467 intellectu
218 411 360 482 praeditus
370 398 523 467 contemnet
533 412 721 483 despicietque
730 410 860 466 inceden-

66 496 132 617 Zme
140 487 169 541 in
187 488 335 557 sapientia,
359 488 424 559 quia
438 488 548 559 sapiens
563 504 617 541 non
632 486 716 541 allicit
730 504 793 541 eum
807 504 861 558 pu-

70 702 118 753 Our
134 703 159 751 οἰ
175 701 274 751 dicenti:
301 701 441 765 „Iudaeum
455 720 527 767 super
537 720 573 752 me
584 703 768 753 maledictionem
781 712 862 753 eteoc

135 769 347 832 benedictioncm“,
367 780 442 819 mater
459 771 530 820 dicit:
556 770 661 835 „Super
678 788 713 819 me
730 771 803 836 (erit)
821 770 863 819 itta

133 837 277 900 maledictio,
291 837 336 899 fit·
350 838 423 887 mim
440 840 493 901 (at,
517 840 590 901 lta.)

123 956 183 1010 202.
204 951 331 1029 Aequum
341 951 413 1025 est*)
424 961 451 1008 et
459 942 574 1013 matrem
583 956 677 1009 mirari
689 961 801 1026 propter
814 954 864 1007 be-

68 1028 241 1084 nevolentiae
250 1044 358 1092 curam,
380 1045 467 1099 quum
480 1030 638 1099 promiserit
652 1031 681 1084 in
696 1046 725 1083 se
740 1038 864 1100 accepta-

67 1121 99 1159 re
117 1102 337 1158 maledictionem
363 1104 388 1160 ei
410 1100 606 1174 pertinentem3
643 1102 777 1162 etlilium
800 1120 864 1175 pro-

67 1188 130 1250 pter
142 1179 287 1249 utriusque
301 1179 433 1249 genitoris
447 1180 643 1243 reverentiam,
665 1178 795 1249 quoniam
810 1178 864 1231 huc

67 1254 137 1308 illuc
145 1252 313 1328 trahebatur,
325 1270 358 1307 ne
368 1261 510 1324 putaretur
520 1261 660 1325 tamquam
670 1251 787 1306 illudere
792 1252 864 1322 patri

67 1338 96 1383 et
105 1328 196 1383 aliena
205 1326 372 1393 desiderare,
388 1344 478 1398 neque
487 1337 603 1384 matrem
611 1326 751 1399 negligere
761 1343 793 1380 ac
803 1342 865 1379 ver-

67 1404 103 1458 ba
114 1405 175 1458 eius
185 1402 268 1457 nihili
279 1402 368 1457 lacere
398 1403 532 1468 ideretur,
554 1404 600 1458 cui
610 1402 644 1475 (s.
656 1399 736 1472 quae)
747 1399 866 1472 supplex

67 1496 130 1533 sese
140 1478 358 1534 commendabat.
430 1496 474 1535 are
485 1479 554 1533 dicit
562 1478 646 1532 nimis
657 1474 791 1533 timideet
801 1492 866 1529 con·
907 1504 909 1512 ‹

119 1622 143 1668 ¹)
156 1621 190 1660 ct.
204 1623 347 1670 mmeutnm
360 1631 425 1670 snpra
436 1621 484 1662 vot
497 1621 535 1660 VI.
548 1633 570 1670 p.
584 1621 628 1660 eto.

68 1857 131 1896 mae
141 1848 224 1895 totam
234 1840 345 1911 planam
355 1838 535 1902 inveniendo,
551 1839 757 1892 servantissime
768 1837 867 1910 digna-

68 1925 115 1971 tur
125 1933 191 1970 eum
201 1931 254 1970 non
263 1916 304 1969 uti
315 1923 528 1985 contemptorem
543 1929 686 1984 respuere:
711 1915 767 1968 Nec
782 1914 864 1977 enim,

68 1993 122 2055 ait,
135 1998 253 2062 possunt
262 1989 348 2044 sobrii
358 1989 407 2055 tali
417 1990 486 2044 vitio
495 1988 639 2047 maculari.

72 2149 169 2214 thuid
188 2148 279 2199 dicente
299 2124 341 2199 eo.-
378 2146 516 2211 „Adducet
536 2164 607 2212 super
629 2127 667 2198 me
685 2147 868 2198 maledictionem

133 2233 182 2282 pro
207 2216 396 2278 metatore&
419 2225 494 2273 mater
517 2215 565 2265 ait:
599 2215 704 2281 „Super
720 2233 756 2265 me
772 2213 868 2264 maledi·

138 2285 185 2339 ctio
203 2293 258 2346 tua,
272 2283 353 2345 filt'“?

126 2389 189 2443 202.
209 2387 329 2459 Dignum
339 2393 381 2440 est
390 2385 437 2440 hic
446 2393 600 2441 maternum
610 2385 722 2440 laudare
736 2385 866 2447 favorem,

69 2460 870 2533 confitentemexciperemaledictumproeofilio,quiutris-

68 2554 125 2608 que
135 2544 229 2592 tuetur
239 2536 399 2608 parentibus
409 2553 459 2608 pro
469 2536 581 2591 honore.
621 2535 719 2608 Agitur
734 2535 806 2588 enim
821 2549 870 2604 ge-

67 2614 148 2667 mina
157 2613 273 2684 pietate.
290 2629 324 2666 ne
334 2610 462 2665 videatur
472 2611 568 2665 fallere
577 2618 696 2682 patrem,
713 2604 870 2676 usurpando

66 2687 255 2760 privilegium
270 2686 396 2750 alterius,
418 2703 488 2740 neve
505 2685 587 2740 matri
604 2686 696 2738 minus
715 2680 870 2762 inveniatur

68 2762 289 2833 obtemperasse.
327 2760 403 2815 Adeo
421 2759 579 2816 verecunda
598 2759 699 2830 pietate
720 2751 868 2824 respondit,

69 2852 126 2892 non
147 2835 224 2907 quod
243 2835 421 2891 maledictum
441 2835 555 2908 aliquod
573 2833 730 2906 prolaturus
745 2835 798 2890 est,
822 2826 869 2880 sert
895 2899 897 2904 Ι

104 2910 222 2962 Patrne
241 2911 299 2963 Vll.
642 2906 666 2964 Q
