2050 3100
164 194 196 246 90
260 200 357 245 PHIL.
369 199 444 245 IUD.
459 198 619 256 QUAEsT.
633 199 683 245 ET
699 198 776 245 801„
797 194 966 263 [11,2tt.2to.]

163 316 276 370 remque
290 307 422 354 tortnrmn
432 300 592 354 concinnata
603 308 644 367 est
655 299 700 355 lex
710 300 845 365 musicae,
860 298 897 375 [Ἴ
911 320 966 357 ve-

154 392 224 429 ·rum
235 375 317 428 etiam
327 374 362 429 ad
372 374 464 429 media
473 374 645 446 laxioraque:
666 376 753 431 simili
769 375 849 431 modo
864 393 895 431 se
909 377 966 432 ha-

162 450 209 504 bet
218 458 246 503 et
255 450 324 504 ratio
333 450 430 504 animi.
454 451 524 505 Nam
533 450 643 520 qnando
653 458 725 505 totus
735 460 776 505 est
787 452 913 509 intensus
924 454 963 507 ad

162 525 295 596 placitum
310 526 409 595 patris,
431 524 570 596 denmqne
586 526 615 579 in
629 524 738 590 ecfert,
760 526 820 580 iure
829 525 898 581 felix
909 546 962 583 vo-

162 598 265 653 candus
275 601 323 667 sit;
354 598 538 671 quandovero
549 608 636 655 cessat
649 600 787 664 divinare,
806 610 868 672 post
882 601 962 657 divi-

161 676 299 729 nationem
318 677 463 729 revertitur
480 674 593 729 demum
607 675 642 729 ad
656 692 686 730 se
705 677 810 747 ipsum,
832 678 960 748 cogitans

160 767 211 804 sua
226 758 252 804 et
266 749 323 803 sibi
337 750 538 805 mavenientia.
575 749 680 805 Alfines
694 760 758 805 sunt
775 752 851 805 enim
867 753 960 807 virtu-

160 834 214 889 tes,
236 826 325 896 pietas
335 825 408 897 (erga
419 824 512 898 deum)
523 833 549 880 et
560 823 715 881 humanitas
724 825 799 898 (erga
808 825 956 901 homines),

160 901 263 971 quibus
272 909 299 954 et
310 900 426 972 Sapiens
435 901 536 965 utitur,
549 900 697 975 diligenter
706 901 856 956 observans
865 901 958 973 pudo-

160 993 218 1030 rem
228 993 259 1030 ac
268 977 450 1039 reverentiam
459 984 599 1031 oraturus:
628 993 712 1047 quare
722 977 896 1047 inquantum
907 977 957 1033 ad-

71 1113 78 1127 .
159 1058 216 1105 erat
226 1051 309 1116 deus,
324 1051 385 1106 illio
393 1050 533 1123 perstabat
543 1060 570 1105 et
579 1052 652 1122 ipse;
677 1068 764 1122 quum
774 1060 864 1105 autem
875 1051 953 1121 abiit,

134 1132 138 1139 ’
160 1126 287 1181 discessit
296 1134 323 1181 et
332 1126 390 1181 ille.
418 1126 501 1182 Abire
512 1134 603 1181 autern
614 1132 690 1198 pater
700 1134 789 1180 ratum
798 1125 881 1181 habet
891 1144 955 1199 pro·

158 1210 219 1274 pter
231 1202 448 1274 providentiam,
469 1219 585 1274 parcens
600 1202 720 1256 humano
738 1202 848 1273 generi,
867 1218 954 1275 quum

159 1278 266 1333 noverit
279 1277 352 1333 illud
366 1278 526 1349 colligatum
541 1294 604 1331 cum
617 1275 840 1331 necessitatibus:
869 1293 954 1347 quare

159 1370 278 1423 aequum
288 1362 345 1407 erat
355 1352 452 1407 cedere
462 1353 492 1405 in
502 1350 693 1419 solitudinem
715 1368 768 1409 non
779 1352 952 1427 enimornnia

159 1428 223 1481 licet
233 1444 313 1499 agere
324 1427 396 1481 filios
407 1428 436 1481 in
447 1434 596 1497 conspectu
605 1426 701 1497 patris

197 1553 277 1641 Quare
296 1585 369 1632 tribur
387 1586 557 1648 apparentibus
574 1583 673 1634 dixerit:
707 1623 724 1648 „
735 1585 852 1636 Venerem
871 1587 915 1635 duo

257 1709 263 1722 Ι
291 1651 373 1715 napoli
388 1652 412 1700 in
430 1650 538 1702 Sodoma
556 1653 684 1717 vespam
704 1659 758 1717 (19,
782 1656 816 1714 l.)

214 1758 257 1808 ab.
276 1753 432 1808 Abrahamo
442 1763 575 1826 apparent
584 1764 653 1820 tres,
666 1765 694 1811 et
702 1755 831 1820 meridie,
843 1757 894 1812 Lot
903 1775 949 1812 an

157 1839 212 1882 tem
222 1829 289 1890 dno,
305 1837 333 1883 et
345 1845 471 1900 vespere.
499 1831 951 1904 Naturalissimamdistinctimm

157 1913 263 1957 enarrat
271 1903 386 1974 perlecti
395 1911 422 1958 et
431 1905 613 1976 proficientis:
634 1907 771 1978 perfectus
781 1907 855 1962 enim
864 1905 950 1962 triade

157 1979 355 2050 apparitionem
369 1981 496 2046 sortitur,
515 1982 597 2053 plena
610 1982 741 2038 videlicet
750 1984 951 2038 natmavacui·

155 2056 220 2108 tatis
233 2055 339 2122 nescim
369 2056 421 2110 iste
435 2073 501 2111 vero
516 2057 676 2112 dualitatem
690 2058 837 2112 dissectam
851 2074 884 2112 ac
902 2075 951 2112 va·

156 2146 245 2182 cuam.
284 2128 334 2185 llle
373 2139 458 2185 atram
472 2132 502 2187 in
517 2133 611 2188 medio
622 2141 739 2188 stantem
753 2149 784 2187 ac
798 2133 950 2188 ministerio

155 2204 262 2258 cultum
271 2221 287 2258 a
297 2147 405 2259 duabus
413 2207 513 2276 primis
523 2208 683 2272 virttitibus,
698 2210 824 2264 istevero
834 2208 949 2263 virtutes

155 2281 231 2350 ipsas
241 2280 302 2334 sine
312 2280 389 2335 cultu
399 2283 618 2352 patriexhibito:
640 2285 706 2355 quia
716 2284 768 2338 iste
779 2281 949 2338 insufficiens

146 2363 213 2408 ‘erat
222 2354 346 2410 medium
356 2355 474 2412 illnmet
483 2375 576 2431 regem
591 2359 723 2414 virtutum
737 2357 834 2412 videre
846 2358 949 2412 intelli·

155 2447 288 2501 garoque,
298 2447 396 2501 ⁴quum
410 2432 459 2486 ille
472 2434 582 2489 clariori
597 2434 658 2488 lnce
676 2432 848 2488 illuminetur
866 2434 949 2489 mari·

155 2505 224 2562 diali
239 2523 272 2560 ac
282 2505 382 2560 umbra
396 2517 518 2572 carente,
540 2510 594 2562 iste
607 2525 673 2564 vero
686 2506 816 2562 variabili
828 2516 856 2563 et
865 2509 949 2562 inter-

154 2578 298 2656 ‘media'ffl
313 2582 385 2636 inter
397 2591 504 2636 noctem
518 2590 544 2636 et
557 2581 646 2648 diem;
665 2635 668 2644 ,
680 2597 779 2652 vesper
797 2582 871 2638 enim
891 2599 948 2638 me-

154 2655 234 2713 diurn
242 2656 364 2728 spatium
373 2655 506 2719 obtinuit,
525 2656 601 2726 quod
609 2673 660 2710 nec
669 2656 732 2711 linis
741 2656 798 2712 diei
808 2666 851 2712 est
859 2674 947 2727 neque

154 2732 242 2784 noetis
252 2732 430 2803 principium.
832 2741 837 2750 '
