<?xml version="1.0" encoding="UTF-8"?>
<!DOCTYPE html PUBLIC "-//W3C//DTD XHTML 1.0 Transitional//EN"
    "http://www.w3.org/TR/xhtml1/DTD/xhtml1-transitional.dtd">
<html xmlns="http://www.w3.org/1999/xhtml" xml:lang="en" lang="en">
 <head>
  <title>
</title>
<meta http-equiv="Content-Type" content="text/html;charset=utf-8" />
  <meta name='ocr-system' content='tesseract 3.04.00' />
  <meta name='ocr-capabilities' content='ocr_page ocr_carea ocr_par ocr_line ocrx_word'/>
</head>
<body>
  <div class='ocr_page' id='page_1' title='image "./operaomniaadlib02philgoog/operaomniaadlib02philgoog_0130.png"; bbox 0 0 2050 3100; ppageno 0'>
   <div class='ocr_carea' id='block_1_1' title="bbox 49 208 859 275">
    <p class='ocr_par' dir='ltr' id='par_1_1' title="bbox 49 208 859 275">
     <span class='ocr_line' id='line_1_1' title="bbox 49 208 859 275; baseline -0.002 -14"><span class='ocrx_word' id='word_1_1' title='bbox 49 210 90 275; x_wconf 85' lang='lat'><strong>[11,</strong></span> <span class='ocrx_word' id='word_1_2' title='bbox 103 208 165 274; x_wconf 67' lang='lat'><strong>298]</strong></span> <span class='ocrx_word' id='word_1_3' title='bbox 225 214 267 257; x_wconf 87' lang='lat' dir='ltr'><strong>IN</strong></span> <span class='ocrx_word' id='word_1_4' title='bbox 289 212 466 258; x_wconf 84' lang='lat' dir='ltr'>GENESIN.</span> <span class='ocrx_word' id='word_1_5' title='bbox 491 214 621 258; x_wconf 84' lang='lat' dir='ltr'>SERMO</span> <span class='ocrx_word' id='word_1_6' title='bbox 639 215 682 261; x_wconf 86' lang='lat' dir='ltr'><strong>IV.</strong></span> <span class='ocrx_word' id='word_1_7' title='bbox 811 208 859 259; x_wconf 70' lang='lat' dir='ltr'><strong>lli</strong></span> 
     </span>
    </p>
   </div>
   <div class='ocr_carea' id='block_1_2' title="bbox 4 312 869 2560">
    <p class='ocr_par' dir='ltr' id='par_1_2' title="bbox 4 312 869 2560">
     <span class='ocr_line' id='line_1_2' title="bbox 49 312 860 387; baseline -0.001 -17"><span class='ocrx_word' id='word_1_8' title='bbox 49 326 89 370; x_wconf 85' lang='lat' dir='ltr'><strong>tra</strong></span> <span class='ocrx_word' id='word_1_9' title='bbox 105 322 243 376; x_wconf 83' lang='lat' dir='ltr'><strong>eventus,</strong></span> <span class='ocrx_word' id='word_1_10' title='bbox 266 314 303 367; x_wconf 88' lang='lat' dir='ltr'><strong>ita</strong></span> <span class='ocrx_word' id='word_1_11' title='bbox 320 319 351 366; x_wconf 89' lang='lat' dir='ltr'><strong>ut</strong></span> <span class='ocrx_word' id='word_1_12' title='bbox 365 312 516 367; x_wconf 83' lang='lat' dir='ltr'><strong>satisfactio</strong></span> <span class='ocrx_word' id='word_1_13' title='bbox 525 312 656 368; x_wconf 90' lang='lat' dir='ltr'><strong>reddatur</strong></span> <span class='ocrx_word' id='word_1_14' title='bbox 666 312 754 387; x_wconf 79' lang='lat' dir='ltr'><strong>legi*)</strong></span> <span class='ocrx_word' id='word_1_15' title='bbox 764 315 860 369; x_wconf 87' lang='lat' dir='ltr'><strong>matri-</strong></span> 
     </span>
     <span class='ocr_line' id='line_1_3' title="bbox 50 388 859 461; baseline -0.001 -18"><span class='ocrx_word' id='word_1_16' title='bbox 50 391 153 454; x_wconf 85' lang='lat' dir='ltr'><strong>monii,</strong></span> <span class='ocrx_word' id='word_1_17' title='bbox 177 389 303 443; x_wconf 73' lang='lat' dir='ltr'><strong>manime</strong></span> <span class='ocrx_word' id='word_1_18' title='bbox 322 404 386 442; x_wconf 86' lang='lat' dir='ltr'><strong>vero</strong></span> <span class='ocrx_word' id='word_1_19' title='bbox 404 388 521 459; x_wconf 88' lang='lat' dir='ltr'><strong>speciali</strong></span> <span class='ocrx_word' id='word_1_20' title='bbox 538 388 699 459; x_wconf 78' lang='lat' dir='ltr'>prophetiae</span> <span class='ocrx_word' id='word_1_21' title='bbox 719 390 788 453; x_wconf 86' lang='lat' dir='ltr'><strong>viri,</strong></span> <span class='ocrx_word' id='word_1_22' title='bbox 809 390 859 461; x_wconf 90' lang='lat' dir='ltr'><strong>qui</strong></span> 
     </span>
     <span class='ocr_line' id='line_1_4' title="bbox 51 462 860 534; baseline -0.001 -15"><span class='ocrx_word' id='word_1_23' title='bbox 51 482 185 527; x_wconf 68' lang='lat' dir='ltr'><strong>noscent,</strong></span> <span class='ocrx_word' id='word_1_24' title='bbox 206 462 284 534; x_wconf 89' lang='lat' dir='ltr'><strong>quod</strong></span> <span class='ocrx_word' id='word_1_25' title='bbox 295 462 395 517; x_wconf 87' lang='lat' dir='ltr'><strong>intacta</strong></span> <span class='ocrx_word' id='word_1_26' title='bbox 404 480 564 517; x_wconf 86' lang='lat' dir='ltr'><strong>remansura</strong></span> <span class='ocrx_word' id='word_1_27' title='bbox 573 471 631 517; x_wconf 87' lang='lat' dir='ltr'><strong>erat</strong></span> <span class='ocrx_word' id='word_1_28' title='bbox 640 472 667 518; x_wconf 93' lang='lat' dir='ltr'><strong>et</strong></span> <span class='ocrx_word' id='word_1_29' title='bbox 676 464 783 519; x_wconf 89' lang='lat' dir='ltr'><strong>illibata</strong></span> <span class='ocrx_word' id='word_1_30' title='bbox 793 481 860 519; x_wconf 89' lang='lat' dir='ltr'><strong>con-</strong></span> 
     </span>
     <span class='ocr_line' id='line_1_5' title="bbox 52 537 860 602; baseline 0 -9"><span class='ocrx_word' id='word_1_31' title='bbox 52 538 195 594; x_wconf 85' lang='lat' dir='ltr'><strong>servanda</strong></span> <span class='ocrx_word' id='word_1_32' title='bbox 203 538 260 591; x_wconf 84' lang='lat' dir='ltr'><strong>sibi</strong></span> <span class='ocrx_word' id='word_1_33' title='bbox 273 554 343 593; x_wconf 84' lang='lat' dir='ltr'><strong>uxor</strong></span> <span class='ocrx_word' id='word_1_34' title='bbox 353 554 416 602; x_wconf 88' lang='lat' dir='ltr'><strong>sua,</strong></span> <span class='ocrx_word' id='word_1_35' title='bbox 433 554 488 593; x_wconf 88' lang='lat' dir='ltr'><strong>non</strong></span> <span class='ocrx_word' id='word_1_36' title='bbox 498 537 639 593; x_wconf 86' lang='lat' dir='ltr'><strong>dubitavit</strong></span> <span class='ocrx_word' id='word_1_37' title='bbox 647 556 747 593; x_wconf 90' lang='lat' dir='ltr'><strong>nomen</strong></span> <span class='ocrx_word' id='word_1_38' title='bbox 758 539 823 594; x_wconf 86' lang='lat' dir='ltr'><strong>dare</strong></span> <span class='ocrx_word' id='word_1_39' title='bbox 834 540 860 593; x_wconf 91' lang='lat' dir='ltr'><strong>ei</strong></span> 
     </span>
     <span class='ocr_line' id='line_1_6' title="bbox 52 612 860 686; baseline 0 -19"><span class='ocrx_word' id='word_1_40' title='bbox 52 625 182 669; x_wconf 91' lang='lat' dir='ltr'><strong>tenerum</strong></span> <span class='ocrx_word' id='word_1_41' title='bbox 204 629 237 666; x_wconf 90' lang='lat' dir='ltr'><strong>ac</strong></span> <span class='ocrx_word' id='word_1_42' title='bbox 256 612 412 683; x_wconf 90' lang='lat' dir='ltr'><strong>placidum,</strong></span> <span class='ocrx_word' id='word_1_43' title='bbox 437 614 605 667; x_wconf 87' lang='lat' dir='ltr'><strong>conveniens</strong></span> <span class='ocrx_word' id='word_1_44' title='bbox 622 616 748 686; x_wconf 90' lang='lat' dir='ltr'><strong>apprime</strong></span> <span class='ocrx_word' id='word_1_45' title='bbox 761 615 860 669; x_wconf 87' lang='lat' dir='ltr'><strong>incolis</strong></span> 
     </span>
     <span class='ocr_line' id='line_1_7' title="bbox 4 688 858 751; baseline -0.004 -7"><span class='ocrx_word' id='word_1_46' title='bbox 4 700 5 715; x_wconf 59' lang='lat'>³</span> <span class='ocrx_word' id='word_1_47' title='bbox 54 691 114 743; x_wconf 85' lang='lat' dir='ltr'><strong>eius</strong></span> <span class='ocrx_word' id='word_1_48' title='bbox 134 696 243 751; x_wconf 86' lang='lat' dir='ltr'><strong>terrae,</strong></span> <span class='ocrx_word' id='word_1_49' title='bbox 273 704 394 741; x_wconf 87' lang='lat' dir='ltr'><strong>sororem</strong></span> <span class='ocrx_word' id='word_1_50' title='bbox 417 688 538 751; x_wconf 86' lang='lat' dir='ltr'><strong>scilicet,</strong></span> <span class='ocrx_word' id='word_1_51' title='bbox 568 704 622 742; x_wconf 91' lang='lat' dir='ltr'><strong>non</strong></span> <span class='ocrx_word' id='word_1_52' title='bbox 645 706 710 743; x_wconf 88' lang='lat' dir='ltr'><strong>vero</strong></span> <span class='ocrx_word' id='word_1_53' title='bbox 734 706 858 743; x_wconf 84' lang='lat' dir='ltr'><strong>uxerem.</strong></span> 
     </span>
     <span class='ocr_line' id='line_1_8' title="bbox 4 760 861 835; baseline 0 -17"><span class='ocrx_word' id='word_1_54' title='bbox 4 810 5 833; x_wconf 47' lang='lat'>3</span> <span class='ocrx_word' id='word_1_55' title='bbox 53 763 167 834; x_wconf 87' lang='lat' dir='ltr'><strong>Optime</strong></span> <span class='ocrx_word' id='word_1_56' title='bbox 182 778 251 835; x_wconf 84' lang='lat' dir='ltr'><strong>ergo</strong></span> <span class='ocrx_word' id='word_1_57' title='bbox 265 760 348 816; x_wconf 84' lang='lat' dir='ltr'><strong>habet</strong></span> <span class='ocrx_word' id='word_1_58' title='bbox 363 768 390 817; x_wconf 91' lang='lat' dir='ltr'><strong>et</strong></span> <span class='ocrx_word' id='word_1_59' title='bbox 403 762 501 817; x_wconf 87' lang='lat' dir='ltr'><strong>modus</strong></span> <span class='ocrx_word' id='word_1_60' title='bbox 516 762 662 817; x_wconf 90' lang='lat' dir='ltr'><strong>locutionis</strong></span> <span class='ocrx_word' id='word_1_61' title='bbox 677 764 798 819; x_wconf 87' lang='lat' dir='ltr'><strong>mandati</strong></span> <span class='ocrx_word' id='word_1_62' title='bbox 817 764 861 818; x_wconf 92' lang='lat' dir='ltr'><strong>di-</strong></span> 
     </span>
     <span class='ocr_line' id='line_1_9' title="bbox 53 838 860 904; baseline -0.001 -11"><span class='ocrx_word' id='word_1_63' title='bbox 53 840 128 893; x_wconf 81' lang='lat' dir='ltr'><strong>vini:</strong></span> <span class='ocrx_word' id='word_1_64' title='bbox 152 840 242 893; x_wconf 79' lang='lat' dir='ltr'><strong>Redde</strong></span> <span class='ocrx_word' id='word_1_65' title='bbox 254 854 374 904; x_wconf 71' lang='lat' dir='ltr'><strong>umorem,</strong></span> <span class='ocrx_word' id='word_1_66' title='bbox 390 852 443 891; x_wconf 89' lang='lat' dir='ltr'><strong>non</strong></span> <span class='ocrx_word' id='word_1_67' title='bbox 459 854 579 891; x_wconf 86' lang='lat' dir='ltr'><strong>sororem</strong></span> <span class='ocrx_word' id='word_1_68' title='bbox 593 838 638 893; x_wconf 79' lang='lat' dir='ltr'><strong>vel</strong></span> <span class='ocrx_word' id='word_1_69' title='bbox 650 838 773 902; x_wconf 75' lang='lat' dir='ltr'><strong>Sacram,</strong></span> <span class='ocrx_word' id='word_1_70' title='bbox 790 841 860 893; x_wconf 88' lang='lat' dir='ltr'><strong>acsi</strong></span> 
     </span>
     <span class='ocr_line' id='line_1_10' title="bbox 55 910 869 986; baseline 0.002 -19"><span class='ocrx_word' id='word_1_71' title='bbox 55 914 176 969; x_wconf 83' lang='lat' dir='ltr'><strong>diceret:</strong></span> <span class='ocrx_word' id='word_1_72' title='bbox 201 910 297 966; x_wconf 83' lang='lat' dir='ltr'><strong>Redde</strong></span> <span class='ocrx_word' id='word_1_73' title='bbox 307 928 435 975; x_wconf 82' lang='lat' dir='ltr'><strong>uxorem,</strong></span> <span class='ocrx_word' id='word_1_74' title='bbox 448 912 557 985; x_wconf 82' lang='lat' dir='ltr'><strong>integre</strong></span> <span class='ocrx_word' id='word_1_75' title='bbox 565 921 673 968; x_wconf 77' lang='lat' dir='ltr'><strong>servato</strong></span> <span class='ocrx_word' id='word_1_76' title='bbox 683 930 803 986; x_wconf 83' lang='lat' dir='ltr'><strong>corpore,</strong></span> <span class='ocrx_word' id='word_1_77' title='bbox 816 924 869 969; x_wconf 87' lang='lat' dir='ltr'><strong>sa-&#39;</strong></span> 
     </span>
     <span class='ocr_line' id='line_1_11' title="bbox 55 986 861 1063; baseline 0 -20"><span class='ocrx_word' id='word_1_78' title='bbox 55 998 160 1043; x_wconf 85' lang='lat' dir='ltr'><strong>oratam</strong></span> <span class='ocrx_word' id='word_1_79' title='bbox 176 1004 208 1042; x_wconf 90' lang='lat' dir='ltr'><strong>ac</strong></span> <span class='ocrx_word' id='word_1_80' title='bbox 224 1004 343 1052; x_wconf 85' lang='lat' dir='ltr'><strong>sacram,</strong></span> <span class='ocrx_word' id='word_1_81' title='bbox 359 988 420 1042; x_wconf 87' lang='lat' dir='ltr'><strong>sine</strong></span> <span class='ocrx_word' id='word_1_82' title='bbox 430 986 527 1058; x_wconf 85' lang='lat' dir='ltr'><strong>lraude</strong></span> <span class='ocrx_word' id='word_1_83' title='bbox 537 988 581 1043; x_wconf 86' lang='lat' dir='ltr'><strong>vel</strong></span> <span class='ocrx_word' id='word_1_84' title='bbox 592 988 729 1053; x_wconf 87' lang='lat' dir='ltr'><strong>nuditate,</strong></span> <span class='ocrx_word' id='word_1_85' title='bbox 747 990 861 1063; x_wconf 79' lang='lat' dir='ltr'><strong>uvirgi-</strong></span> 
     </span>
     <span class='ocr_line' id='line_1_12' title="bbox 14 1062 862 1136; baseline 0.002 -19"><span class='ocrx_word' id='word_1_86' title='bbox 14 1130 18 1136; x_wconf 94' lang='lat'>.</span> <span class='ocrx_word' id='word_1_87' title='bbox 56 1065 141 1119; x_wconf 87' lang='lat' dir='ltr'><strong>nitate</strong></span> <span class='ocrx_word' id='word_1_88' title='bbox 151 1062 418 1126; x_wconf 85' lang='lat' dir='ltr'><strong>coniunctam‚viro</strong></span> <span class='ocrx_word' id='word_1_89' title='bbox 428 1079 491 1131; x_wconf 71' lang='lat' dir='ltr'><strong>suo,</strong></span> <span class='ocrx_word' id='word_1_90' title='bbox 523 1062 607 1118; x_wconf 87' lang='lat' dir='ltr'><strong>redde</strong></span> <span class='ocrx_word' id='word_1_91' title='bbox 618 1080 683 1136; x_wconf 81' lang='lat' dir='ltr'><strong>ergo</strong></span> <span class='ocrx_word' id='word_1_92' title='bbox 693 1063 826 1118; x_wconf 88' lang='lat' dir='ltr'><strong>mundam&#39;</strong></span> <span class='ocrx_word' id='word_1_93' title='bbox 834 1073 862 1119; x_wconf 87' lang='lat' dir='ltr'><strong>et</strong></span> 
     </span>
     <span class='ocr_line' id='line_1_13' title="bbox 56 1136 861 1203; baseline -0.002 -10"><span class='ocrx_word' id='word_1_94' title='bbox 56 1141 261 1193; x_wconf 78' lang='lat' dir='ltr'><strong>intemeratam.</strong></span> <span class='ocrx_word' id='word_1_95' title='bbox 301 1136 379 1203; x_wconf 88' lang='lat' dir='ltr'><strong>Quod</strong></span> <span class='ocrx_word' id='word_1_96' title='bbox 394 1138 483 1193; x_wconf 86' lang='lat' dir='ltr'><strong>sinon</strong></span> <span class='ocrx_word' id='word_1_97' title='bbox 494 1145 526 1192; x_wconf 90' lang='lat' dir='ltr'><strong>ut</strong></span> <span class='ocrx_word' id='word_1_98' title='bbox 534 1154 649 1193; x_wconf 83' lang='lat' dir='ltr'><strong>uxorem</strong></span> <span class='ocrx_word' id='word_1_99' title='bbox 659 1140 720 1192; x_wconf 80' lang='lat' dir='ltr'><strong>vire</strong></span> <span class='ocrx_word' id='word_1_100' title='bbox 733 1156 784 1192; x_wconf 88' lang='lat' dir='ltr'><strong>suo</strong></span> <span class='ocrx_word' id='word_1_101' title='bbox 798 1138 861 1191; x_wconf 83' lang='lat' dir='ltr'><strong>red·</strong></span> 
     </span>
     <span class='ocr_line' id='line_1_14' title="bbox 56 1210 862 1287; baseline -0.002 -20"><span class='ocrx_word' id='word_1_102' title='bbox 56 1214 120 1279; x_wconf 81' lang='lat' dir='ltr'><strong>das,</strong></span> <span class='ocrx_word' id='word_1_103' title='bbox 143 1213 283 1269; x_wconf 85' lang='lat' dir='ltr'><strong>exaltetur</strong></span> <span class='ocrx_word' id='word_1_104' title='bbox 293 1220 479 1285; x_wconf 80' lang='lat' dir='ltr'><strong>augeaturque</strong></span> <span class='ocrx_word' id='word_1_105' title='bbox 489 1229 574 1284; x_wconf 78' lang='lat' dir='ltr'><strong>super</strong></span> <span class='ocrx_word' id='word_1_106' title='bbox 583 1221 610 1267; x_wconf 92' lang='lat' dir='ltr'><strong>te</strong></span> <span class='ocrx_word' id='word_1_107' title='bbox 622 1210 658 1287; x_wconf 67' lang='grc' dir='ltr'><strong>[Ἴ</strong></span> <span class='ocrx_word' id='word_1_108' title='bbox 671 1213 807 1267; x_wconf 80' lang='lat' dir='ltr'><strong>sententia</strong></span> <span class='ocrx_word' id='word_1_109' title='bbox 816 1214 862 1266; x_wconf 90' lang='lat' dir='ltr'><strong>iu-</strong></span> 
     </span>
     <span class='ocr_line' id='line_1_15' title="bbox 58 1287 861 1359; baseline -0.004 -16"><span class='ocrx_word' id='word_1_110' title='bbox 58 1290 125 1343; x_wconf 86' lang='lat' dir='ltr'><strong>dicii</strong></span> <span class='ocrx_word' id='word_1_111' title='bbox 135 1298 164 1343; x_wconf 91' lang='lat' dir='ltr'><strong>et</strong></span> <span class='ocrx_word' id='word_1_112' title='bbox 174 1304 261 1359; x_wconf 82' lang='lat' dir='ltr'><strong>super</strong></span> <span class='ocrx_word' id='word_1_113' title='bbox 270 1302 379 1342; x_wconf 89' lang='lat' dir='ltr'><strong>omnem</strong></span> <span class='ocrx_word' id='word_1_114' title='bbox 389 1287 501 1342; x_wconf 88' lang='lat' dir='ltr'><strong>domum</strong></span> <span class='ocrx_word' id='word_1_115' title='bbox 512 1295 588 1343; x_wconf 88' lang='lat' dir='ltr'><strong>tuam</strong></span> <span class='ocrx_word' id='word_1_116' title='bbox 598 1304 648 1359; x_wconf 89' lang='lat' dir='ltr'><strong>per</strong></span> <span class='ocrx_word' id='word_1_117' title='bbox 660 1294 786 1341; x_wconf 82' lang='lat' dir='ltr'><strong>mortem.</strong></span> <span class='ocrx_word' id='word_1_118' title='bbox 819 1287 861 1341; x_wconf 79' lang='lat' dir='ltr'><strong>Ad</strong></span> 
     </span>
     <span class='ocr_line' id='line_1_16' title="bbox 58 1363 862 1434; baseline -0.002 -15"><span class='ocrx_word' id='word_1_119' title='bbox 58 1376 180 1419; x_wconf 79' lang='lat' dir='ltr'><strong>mentem</strong></span> <span class='ocrx_word' id='word_1_120' title='bbox 190 1380 272 1426; x_wconf 87' lang='lat' dir='ltr'><strong>vero,</strong></span> <span class='ocrx_word' id='word_1_121' title='bbox 289 1365 339 1433; x_wconf 89' lang='lat' dir='ltr'><strong>qui</strong></span> <span class='ocrx_word' id='word_1_122' title='bbox 349 1363 528 1434; x_wconf 70' lang='lat' dir='ltr'><strong>sapientiam,</strong></span> <span class='ocrx_word' id='word_1_123' title='bbox 539 1364 675 1417; x_wconf 86' lang='lat' dir='ltr'><strong>iustitiam</strong></span> <span class='ocrx_word' id='word_1_124' title='bbox 685 1370 712 1417; x_wconf 92' lang='lat' dir='ltr'><strong>et</strong></span> <span class='ocrx_word' id='word_1_125' title='bbox 722 1364 751 1416; x_wconf 92' lang='lat' dir='ltr'><strong>in</strong></span> <span class='ocrx_word' id='word_1_126' title='bbox 762 1378 862 1434; x_wconf 82' lang='lat' dir='ltr'><strong>genere</strong></span> 
     </span>
     <span class='ocr_line' id='line_1_17' title="bbox 59 1436 862 1509; baseline -0.002 -16"><span class='ocrx_word' id='word_1_127' title='bbox 59 1440 143 1494; x_wconf 89' lang='lat' dir='ltr'><strong>simul</strong></span> <span class='ocrx_word' id='word_1_128' title='bbox 154 1440 288 1493; x_wconf 81' lang='lat' dir='ltr'><strong>virtutem</strong></span> <span class='ocrx_word' id='word_1_129' title='bbox 297 1436 471 1509; x_wconf 83' lang='lat' dir='ltr'><strong>profitentur,</strong></span> <span class='ocrx_word' id='word_1_130' title='bbox 486 1439 567 1509; x_wconf 86' lang='lat' dir='ltr'><strong>quasi</strong></span> <span class='ocrx_word' id='word_1_131' title='bbox 577 1455 642 1493; x_wconf 90' lang='lat' dir='ltr'><strong>vere</strong></span> <span class='ocrx_word' id='word_1_132' title='bbox 652 1455 723 1493; x_wconf 82' lang='lat' dir='ltr'><strong>uxor</strong></span> <span class='ocrx_word' id='word_1_133' title='bbox 731 1438 789 1492; x_wconf 83' lang='lat' dir='ltr'><strong>sola</strong></span> <span class='ocrx_word' id='word_1_134' title='bbox 797 1455 862 1492; x_wconf 90' lang='lat' dir='ltr'><strong>curn</strong></span> 
     </span>
     <span class='ocr_line' id='line_1_18' title="bbox 59 1510 862 1588; baseline -0.001 -19"><span class='ocrx_word' id='word_1_135' title='bbox 59 1530 193 1588; x_wconf 87' lang='lat' dir='ltr'><strong>generoso</strong></span> <span class='ocrx_word' id='word_1_136' title='bbox 204 1513 263 1569; x_wconf 90' lang='lat' dir='ltr'><strong>solo</strong></span> <span class='ocrx_word' id='word_1_137' title='bbox 273 1510 352 1586; x_wconf 85' lang='lat' dir='ltr'><strong>(viro)</strong></span> <span class='ocrx_word' id='word_1_138' title='bbox 363 1520 553 1578; x_wconf 84' lang='lat' dir='ltr'><strong>conversetur,</strong></span> <span class='ocrx_word' id='word_1_139' title='bbox 573 1521 690 1585; x_wconf 90' lang='lat' dir='ltr'><strong>possunt</strong></span> <span class='ocrx_word' id='word_1_140' title='bbox 702 1514 797 1569; x_wconf 87' lang='lat' dir='ltr'><strong>vivere</strong></span> <span class='ocrx_word' id='word_1_141' title='bbox 808 1514 862 1568; x_wconf 87' lang='lat' dir='ltr'><strong>im—</strong></span> 
     </span>
     <span class='ocr_line' id='line_1_19' title="bbox 59 1586 862 1661; baseline -0.002 -16"><span class='ocrx_word' id='word_1_142' title='bbox 59 1590 203 1645; x_wconf 85' lang='lat' dir='ltr'><strong>mortalem</strong></span> <span class='ocrx_word' id='word_1_143' title='bbox 215 1589 322 1643; x_wconf 87' lang='lat' dir='ltr'><strong>animae</strong></span> <span class='ocrx_word' id='word_1_144' title='bbox 332 1589 428 1642; x_wconf 88' lang='lat' dir='ltr'><strong>vitam.</strong></span> <span class='ocrx_word' id='word_1_145' title='bbox 454 1586 628 1661; x_wconf 88' lang='lat' dir='ltr'><strong>Quicumque</strong></span> <span class='ocrx_word' id='word_1_146' title='bbox 640 1607 706 1644; x_wconf 85' lang='lat' dir='ltr'><strong>vero</strong></span> <span class='ocrx_word' id='word_1_147' title='bbox 715 1589 792 1644; x_wconf 90' lang='lat' dir='ltr'><strong>illam</strong></span> <span class='ocrx_word' id='word_1_148' title='bbox 802 1590 862 1643; x_wconf 90' lang='lat' dir='ltr'><strong>dis-</strong></span> 
     </span>
     <span class='ocr_line' id='line_1_20' title="bbox 60 1662 862 1735; baseline -0.002 -16"><span class='ocrx_word' id='word_1_149' title='bbox 60 1665 173 1720; x_wconf 89' lang='lat' dir='ltr'><strong>trahunt</strong></span> <span class='ocrx_word' id='word_1_150' title='bbox 190 1663 422 1734; x_wconf 86' lang='lat' dir='ltr'><strong>discerpuntque,</strong></span> <span class='ocrx_word' id='word_1_151' title='bbox 449 1662 555 1735; x_wconf 90' lang='lat' dir='ltr'><strong>pudore</strong></span> <span class='ocrx_word' id='word_1_152' title='bbox 578 1681 637 1718; x_wconf 89' lang='lat' dir='ltr'><strong>eam</strong></span> <span class='ocrx_word' id='word_1_153' title='bbox 657 1665 781 1719; x_wconf 84' lang='lat' dir='ltr'><strong>volentes</strong></span> <span class='ocrx_word' id='word_1_154' title='bbox 800 1664 862 1718; x_wconf 86' lang='lat' dir='ltr'><strong>alli-</strong></span> 
     </span>
     <span class='ocr_line' id='line_1_21' title="bbox 59 1737 859 1810; baseline -0.001 -16"><span class='ocrx_word' id='word_1_155' title='bbox 59 1757 134 1804; x_wconf 84' lang='lat' dir='ltr'><strong>cere,</strong></span> <span class='ocrx_word' id='word_1_156' title='bbox 147 1741 240 1810; x_wconf 87' lang='lat' dir='ltr'><strong>ipsam</strong></span> <span class='ocrx_word' id='word_1_157' title='bbox 250 1745 391 1810; x_wconf 89' lang='lat' dir='ltr'><strong>nequeunt</strong></span> <span class='ocrx_word' id='word_1_158' title='bbox 401 1737 507 1809; x_wconf 88' lang='lat' dir='ltr'><strong>pudore</strong></span> <span class='ocrx_word' id='word_1_159' title='bbox 518 1737 626 1793; x_wconf 84' lang='lat' dir='ltr'><strong>allicere</strong></span> <span class='ocrx_word' id='word_1_160' title='bbox 637 1748 683 1796; x_wconf 88' lang='lat' dir='ltr'><strong>aut</strong></span> <span class='ocrx_word' id='word_1_161' title='bbox 694 1739 859 1810; x_wconf 86' lang='lat' dir='ltr'><strong>discerpere,</strong></span> 
     </span>
     <span class='ocr_line' id='line_1_22' title="bbox 60 1813 863 1887; baseline 0.001 -19"><span class='ocrx_word' id='word_1_162' title='bbox 60 1815 110 1869; x_wconf 87' lang='lat' dir='ltr'><strong>sed</strong></span> <span class='ocrx_word' id='word_1_163' title='bbox 120 1815 294 1886; x_wconf 82' lang='lat' dir='ltr'><strong>semetipsos</strong></span> <span class='ocrx_word' id='word_1_164' title='bbox 304 1830 395 1868; x_wconf 88' lang='lat' dir='ltr'><strong>amore</strong></span> <span class='ocrx_word' id='word_1_165' title='bbox 405 1813 517 1885; x_wconf 87' lang='lat' dir='ltr'><strong>proprio</strong></span> <span class='ocrx_word' id='word_1_166' title='bbox 528 1830 682 1885; x_wconf 89' lang='lat' dir='ltr'><strong>vesanoque</strong></span> <span class='ocrx_word' id='word_1_167' title='bbox 694 1816 799 1887; x_wconf 88' lang='lat' dir='ltr'><strong>impetu</strong></span> <span class='ocrx_word' id='word_1_168' title='bbox 812 1814 863 1869; x_wconf 90' lang='lat' dir='ltr'><strong>de-</strong></span> 
     </span>
     <span class='ocr_line' id='line_1_23' title="bbox 62 1887 861 1944; baseline -0.001 -1"><span class='ocrx_word' id='word_1_169' title='bbox 62 1887 861 1944; x_wconf 86' lang='lat' dir='ltr'><strong>lirantesetomniomninovirtutedeficientesinterficiunt.</strong></span> 
     </span>
     <span class='ocr_line' id='line_1_24' title="bbox 60 1963 863 2037; baseline 0.001 -19"><span class='ocrx_word' id='word_1_170' title='bbox 60 1965 138 2030; x_wconf 89' lang='lat' dir='ltr'><strong>Quod</strong></span> <span class='ocrx_word' id='word_1_171' title='bbox 149 1965 175 2020; x_wconf 90' lang='lat' dir='ltr'><strong>si</strong></span> <span class='ocrx_word' id='word_1_172' title='bbox 185 1980 240 2020; x_wconf 90' lang='lat' dir='ltr'><strong>non</strong></span> <span class='ocrx_word' id='word_1_173' title='bbox 249 1965 342 2036; x_wconf 89' lang='lat' dir='ltr'><strong>prius,</strong></span> <span class='ocrx_word' id='word_1_174' title='bbox 359 1964 464 2034; x_wconf 89' lang='lat' dir='ltr'><strong>inquit,</strong></span> <span class='ocrx_word' id='word_1_175' title='bbox 482 1963 606 2034; x_wconf 88' lang='lat' dir='ltr'><strong>placatus</strong></span> <span class='ocrx_word' id='word_1_176' title='bbox 616 1963 709 2037; x_wconf 78' lang='lat' dir='ltr'><strong>es**),</strong></span> <span class='ocrx_word' id='word_1_177' title='bbox 722 1972 748 2019; x_wconf 92' lang='lat' dir='ltr'><strong>et</strong></span> <span class='ocrx_word' id='word_1_178' title='bbox 757 1965 863 2037; x_wconf 86' lang='lat' dir='ltr'><strong>placuit</strong></span> 
     </span>
     <span class='ocr_line' id='line_1_25' title="bbox 62 2037 863 2110; baseline 0.001 -16"><span class='ocrx_word' id='word_1_179' title='bbox 62 2041 112 2094; x_wconf 85' lang='lat' dir='ltr'><strong>tibi</strong></span> <span class='ocrx_word' id='word_1_180' title='bbox 123 2047 234 2110; x_wconf 86' lang='lat' dir='ltr'><strong>raptum</strong></span> <span class='ocrx_word' id='word_1_181' title='bbox 244 2037 335 2094; x_wconf 86' lang='lat' dir='ltr'><strong>videri</strong></span> <span class='ocrx_word' id='word_1_182' title='bbox 345 2039 442 2092; x_wconf 87' lang='lat' dir='ltr'><strong>insano</strong></span> <span class='ocrx_word' id='word_1_183' title='bbox 452 2037 559 2110; x_wconf 91' lang='lat' dir='ltr'><strong>impetu</strong></span> <span class='ocrx_word' id='word_1_184' title='bbox 568 2056 601 2094; x_wconf 86' lang='lat' dir='ltr'><strong>ac</strong></span> <span class='ocrx_word' id='word_1_185' title='bbox 610 2038 696 2093; x_wconf 89' lang='lat' dir='ltr'><strong>animi</strong></span> <span class='ocrx_word' id='word_1_186' title='bbox 706 2049 791 2104; x_wconf 88' lang='lat' dir='ltr'><strong>motu,</strong></span> <span class='ocrx_word' id='word_1_187' title='bbox 805 2039 863 2095; x_wconf 86' lang='lat' dir='ltr'><strong>sal-</strong></span> 
     </span>
     <span class='ocr_line' id='line_1_26' title="bbox 62 2111 863 2188; baseline 0 -20"><span class='ocrx_word' id='word_1_188' title='bbox 62 2123 115 2170; x_wconf 88' lang='lat' dir='ltr'><strong>tem</strong></span> <span class='ocrx_word' id='word_1_189' title='bbox 125 2113 242 2188; x_wconf 88' lang='lat' dir='ltr'><strong>posthae</strong></span> <span class='ocrx_word' id='word_1_190' title='bbox 252 2121 359 2169; x_wconf 85' lang='lat' dir='ltr'><strong>mutare</strong></span> <span class='ocrx_word' id='word_1_191' title='bbox 369 2111 407 2186; x_wconf 91' lang='lat' dir='ltr'><strong>(in</strong></span> <span class='ocrx_word' id='word_1_192' title='bbox 419 2113 556 2187; x_wconf 86' lang='lat' dir='ltr'><strong>meliora),</strong></span> <span class='ocrx_word' id='word_1_193' title='bbox 572 2123 599 2168; x_wconf 85' lang='lat' dir='ltr'><strong>et</strong></span> <span class='ocrx_word' id='word_1_194' title='bbox 607 2114 665 2168; x_wconf 89' lang='lat' dir='ltr'><strong>noli</strong></span> <span class='ocrx_word' id='word_1_195' title='bbox 675 2132 733 2169; x_wconf 86' lang='lat' dir='ltr'><strong>rem</strong></span> <span class='ocrx_word' id='word_1_196' title='bbox 744 2115 863 2170; x_wconf 87' lang='lat' dir='ltr'><strong>alienam</strong></span> 
     </span>
     <span class='ocr_line' id='line_1_27' title="bbox 62 2188 863 2262; baseline 0.002 -20"><span class='ocrx_word' id='word_1_197' title='bbox 62 2189 112 2244; x_wconf 90' lang='lat' dir='ltr'><strong>tibi</strong></span> <span class='ocrx_word' id='word_1_198' title='bbox 123 2188 279 2244; x_wconf 84' lang='lat' dir='ltr'><strong>decidenda</strong></span> <span class='ocrx_word' id='word_1_199' title='bbox 292 2189 414 2256; x_wconf 85' lang='lat' dir='ltr'><strong>trehere;</strong></span> <span class='ocrx_word' id='word_1_200' title='bbox 441 2189 531 2243; x_wconf 92' lang='lat' dir='ltr'><strong>aliena</strong></span> <span class='ocrx_word' id='word_1_201' title='bbox 544 2205 663 2260; x_wconf 87' lang='lat' dir='ltr'><strong>namque</strong></span> <span class='ocrx_word' id='word_1_202' title='bbox 673 2199 715 2245; x_wconf 89' lang='lat' dir='ltr'><strong>est</strong></span> <span class='ocrx_word' id='word_1_203' title='bbox 726 2191 863 2262; x_wconf 87' lang='lat' dir='ltr'><strong>insipien-</strong></span> 
     </span>
     <span class='ocr_line' id='line_1_28' title="bbox 62 2263 863 2335; baseline 0 -17"><span class='ocrx_word' id='word_1_204' title='bbox 62 2263 136 2320; x_wconf 85' lang='lat' dir='ltr'><strong>tibus</strong></span> <span class='ocrx_word' id='word_1_205' title='bbox 148 2264 252 2328; x_wconf 79' lang='lat' dir='ltr'><strong>virt&#39;ue,</strong></span> <span class='ocrx_word' id='word_1_206' title='bbox 267 2265 293 2318; x_wconf 88' lang='lat' dir='ltr'><strong>si</strong></span> <span class='ocrx_word' id='word_1_207' title='bbox 304 2281 365 2319; x_wconf 88' lang='lat' dir='ltr'><strong>eam</strong></span> <span class='ocrx_word' id='word_1_208' title='bbox 375 2271 515 2335; x_wconf 85' lang='lat' dir='ltr'><strong>tamquam</strong></span> <span class='ocrx_word' id='word_1_209' title='bbox 523 2281 652 2329; x_wconf 81' lang='lat' dir='ltr'><strong>uxorem,</strong></span> <span class='ocrx_word' id='word_1_210' title='bbox 668 2281 722 2319; x_wconf 88' lang='lat' dir='ltr'><strong>non</strong></span> <span class='ocrx_word' id='word_1_211' title='bbox 732 2283 798 2320; x_wconf 87' lang='lat' dir='ltr'><strong>vero</strong></span> <span class='ocrx_word' id='word_1_212' title='bbox 807 2266 863 2318; x_wconf 91' lang='lat' dir='ltr'><strong>sic-</strong></span> 
     </span>
     <span class='ocr_line' id='line_1_29' title="bbox 63 2339 862 2413; baseline 0 -20"><span class='ocrx_word' id='word_1_213' title='bbox 63 2348 93 2394; x_wconf 85' lang='lat' dir='ltr'><strong>ut</strong></span> <span class='ocrx_word' id='word_1_214' title='bbox 101 2355 223 2394; x_wconf 88' lang='lat' dir='ltr'><strong>sororem</strong></span> <span class='ocrx_word' id='word_1_215' title='bbox 233 2339 336 2396; x_wconf 85' lang='lat' dir='ltr'><strong>habere</strong></span> <span class='ocrx_word' id='word_1_216' title='bbox 347 2339 483 2412; x_wconf 80' lang='lat' dir='ltr'><strong>dignetur.</strong></span> <span class='ocrx_word' id='word_1_217' title='bbox 512 2339 582 2394; x_wconf 90' lang='lat' dir='ltr'><strong>Vere</strong></span> <span class='ocrx_word' id='word_1_218' title='bbox 592 2341 666 2394; x_wconf 91' lang='lat' dir='ltr'><strong>enim</strong></span> <span class='ocrx_word' id='word_1_219' title='bbox 677 2350 792 2413; x_wconf 81' lang='lat' dir='ltr'><strong>cognata</strong></span> <span class='ocrx_word' id='word_1_220' title='bbox 801 2348 862 2411; x_wconf 89' lang='lat' dir='ltr'><strong>pot-</strong></span> 
     </span>
     <span class='ocr_line' id='line_1_30' title="bbox 65 2413 863 2486; baseline 0 -20"><span class='ocrx_word' id='word_1_221' title='bbox 65 2423 103 2470; x_wconf 83' lang='lat' dir='ltr'><strong>est</strong></span> <span class='ocrx_word' id='word_1_222' title='bbox 121 2431 183 2469; x_wconf 88' lang='lat' dir='ltr'><strong>esse</strong></span> <span class='ocrx_word' id='word_1_223' title='bbox 203 2414 359 2486; x_wconf 81' lang='lat' dir='ltr'><strong>proficienti</strong></span> <span class='ocrx_word' id='word_1_224' title='bbox 378 2413 455 2468; x_wconf 88' lang='lat' dir='ltr'><strong>velut</strong></span> <span class='ocrx_word' id='word_1_225' title='bbox 474 2413 565 2479; x_wconf 82' lang='lat' dir='ltr'><strong>fratri,</strong></span> <span class='ocrx_word' id='word_1_226' title='bbox 590 2415 642 2470; x_wconf 89' lang='lat' dir='ltr'><strong>seli</strong></span> <span class='ocrx_word' id='word_1_227' title='bbox 664 2432 728 2471; x_wconf 85' lang='lat' dir='ltr'><strong>vero</strong></span> <span class='ocrx_word' id='word_1_228' title='bbox 741 2413 863 2486; x_wconf 87' lang='lat' dir='ltr'><strong>perlecto</strong></span> 
     </span>
     <span class='ocr_line' id='line_1_31' title="bbox 65 2491 403 2560; baseline 0.012 -20"><span class='ocrx_word' id='word_1_229' title='bbox 65 2491 403 2560; x_wconf 81' lang='lat' dir='ltr'><strong>urortamquamconiux.</strong></span> 
     </span>
    </p>
   </div>
   <div class='ocr_carea' id='block_1_3' title="bbox 67 2662 699 2859">
    <p class='ocr_par' dir='ltr' id='par_1_3' title="bbox 67 2662 863 2859">
     <span class='ocr_line' id='line_1_32' title="bbox 112 2662 699 2764; baseline -0.024 -3"><span class='ocrx_word' id='word_1_230' title='bbox 112 2662 699 2764; x_wconf 44' lang='lat' dir='ltr'><strong>:tetrachma</strong></span> 
     </span>
     <span class='ocr_line' id='line_1_33' title="bbox 67 2763 658 2859; baseline -0.01 -56"><span class='ocrx_word' id='word_1_231' title='bbox 67 2765 157 2811; x_wconf 71' lang='lat' dir='ltr'><strong>tremene,</strong></span> <span class='ocrx_word' id='word_1_232' title='bbox 172 2766 251 2814; x_wconf 70' lang='lat' dir='ltr'><strong>incolt,</strong></span> <span class='ocrx_word' id='word_1_233' title='bbox 261 2765 333 2813; x_wconf 72' lang='lat' dir='ltr'><strong>sulcu.</strong></span> <span class='ocrx_word' id='word_1_234' title='bbox 358 2763 439 2804; x_wconf 76' lang='lat' dir='ltr'><strong>Anah.</strong></span> <span class='ocrx_word' id='word_1_235' title='bbox 607 2810 658 2859; x_wconf 64' lang='lat' dir='ltr'><em>m</em></span> 
     </span>
    </p>
   </div>
   <div class='ocr_carea' id='block_1_4' title="bbox 0 0 1049 3100">
    <p class='ocr_par' dir='ltr' id='par_1_4' title="bbox 0 0 1049 3100">
     <span class='ocr_line' id='line_1_34' title="bbox 0 0 1049 3100; baseline 0 0"><span class='ocrx_word' id='word_1_236' title='bbox 0 0 1049 3100; x_wconf 95' lang='lat' dir='ltr'><strong> </strong></span> 
     </span>
    </p>
   </div>
  </div>
 </body>
</html>
