2050 3100
63 218 186 288 [11‚sat.]
379 225 429 270 nn
452 226 554 271 roua.
633 260 634 266 ι
816 220 865 272 tes

64 344 126 398 que
142 341 178 380 ex
191 322 344 379 turbatione
354 322 663 399 navisexpergiscarie‘?
682 324 770 399 Surge
780 334 807 381 et
817 342 866 381 ex*

65 402 158 457 cutito
167 415 305 471 soporem,
326 408 354 454 et
371 399 454 455 deum
471 411 552 455 tuum
566 400 673 455 invoca.
712 401 772 455 Non
786 400 866 455 vides

65 494 131 539 eoa,
153 476 203 546 qui
218 482 280 528 ante
292 483 370 529 tuum
379 476 408 530 in
418 492 516 531 navem
527 477 681 548 ingressum
692 474 808 531 feliciter
818 488 867 530 na—

70 550 220 623 vigabant,
242 549 323 604 tabia
333 551 485 606 somniante
493 548 699 623 periclitantes?
718 552 778 605 Non
788 551 867 606 vides

67 626 106 682 ad
117 625 225 680 caelum
235 624 372 679 elevatum
385 642 460 681 mare
472 625 621 681 fundarum
634 626 720 679 instar
734 634 760 681 ut
774 626 868 681 turba.-

68 701 180 757 meniu
194 707 285 753 nostra
298 701 363 754 navi
380 700 511 756 diffusum
517 700 563 773 *)?
584 699 657 767 Quid
674 710 717 755 est
733 717 811 773 ergo,
838 711 869 755 ut

57 776 182 832 'cunctis
196 774 382 831 laborantibus
399 784 440 831 tu
447 778 552 831 otiosus
573 773 670 830 vaces?
694 775 723 830 Si
742 775 868 830 sufficere

67 861 154 925 putas
168 858 291 905 nostrum
305 850 426 905 laborem
444 860 471 905 et
483 860 513 905 tu
533 851 647 905 aliorum
664 850 755 905 labore
774 850 868 907 studea

67 938 97 981 te
116 926 238 988 salvare,
264 940 313 979 nos
330 934 378 980 tua
396 925 473 980 tarda
493 924 664 998 pigritudine
682 924 775 980 traditi
795 926 868 996 peri-

68 1019 145 1056 mua.

129 1130 172 1180 40.
196 1126 275 1180 Τιιιιο
291 1124 499 1197 expergefactus
518 1122 651 1195 propheta
665 1134 694 1179 et
706 1142 790 1195 super
806 1125 867 1179 dor·

67 1218 134 1258 eum
145 1200 225 1255 navis
235 1199 399 1263 ascendens,
420 1200 492 1254 vidit
507 1196 544 1272 [Ἴ
560 1198 679 1253 nubium
693 1199 870 1255 hibernamm

68 1277 191 1333 densum
213 1267 400 1347 nigrorem**)
447 1283 475 1331 et
498 1272 635 1329 undarum
663 1274 868 1338 aestuationem,

69 1358 217 1422 ventorum
228 1350 400 1414 violentiam,
415 1348 551 1405 ululatum
564 1349 703 1403 hominum
714 1348 868 1433 planctum-

70 1442 129 1497 que
136 1441 303 1511 puerorum,
329 1435 361 1480 ut
373 1442 461 1497 paene
480 1431 641 1481 cunctorum
661 1426 769 1485 animas
785 1434 871 1481 morte

70 1500 224 1558 exstinctae
234 1500 402 1558 viderentur
441 1500 564 1588 Desuper
577 1500 670 1571 itaque
685 1499 762 1556 velut
771 1498 806 1556 de
816 1500 869 1556 alta

68 1576 140 1634 sede
154 1576 287 1632 malorum
303 1577 530 1650 circumspiciens
548 1572 620 1631 vidit
637 1592 732 1630 eorum
750 1578 869 1649 copiam

68 1653 228 1710 iudicavit
220 1662 313 1724 itaque
321 1653 357 1709 ob
367 1671 449 1708 suurn
458 1658 602 1724 peccatum
611 1650 767 1707 conturbari
778 1669 866 1708 mare

68 1720 165 1784 adbuc
179 1736 269 1782 tamen
282 1728 417 1785 obliuioni
436 1729 546 1784 tradens
559 1743 618 1782 rem
627 1726 793 1792 occultabat
815 1745 869 1783 non

69 1801 192 1858 erbisoir
200 1803 355 1874 periculum
364 1803 460 1859 adesse
469 1803 646 1867 enst1mana
665 1803 715 1858 sed
724 1821 869 1860 commune

71 1895 216 1934 universio
224 1877 346 1934 videndo
354 1896 415 1935 sese
425 1879 570 1934 consolari.
609 1877 657 1946 Sic
671 1879 745 1934 euim
758 1881 869 1935 evenire

69 1953 156 2018 solet,
177 1960 208 2006 ut
225 1953 315 2009 levius
332 1962 444 2025 putetur
462 1953 566 2010 maium
583 1953 759 2013 hominibus,
783 1971 869 2026 quum

67 2026 154 2083 multi
165 2026 239 2081 idem
249 2027 374 2092 subeant,
386 2028 793 2101 participationeaequalitatem
804 2028 869 2084 aiie-

68 2110 163 2167 rente;
186 2110 268 2173 atque
281 2120 332 2158 suo
346 2102 433 2158 luctui
447 2103 640 2174 unusquisque
654 2103 788 2159 medelam
798 2104 870 2158 sola-

69 2178 144 2232 tium
154 2174 316 2232 exiliorum
325 2179 406 2233 malis
416 2177 561 2234 eventibus
574 2177 705 2233 lucratur.

132 2305 173 2356 44.
187 2302 609 2375 Rectoresautemnavispreces
620 2309 870 2390 expeecetovanas

69 2375 196 2433 redditas
211 2385 367 2443 cernentes,
397 2378 427 2434 in
449 2376 672 2464 disquisitionem
696 2373 870 2448 singulorum

68 2468 189 2540 operum
206 2453 413 2508 concurrebant.
459 2453 633 2508 Caeterorum
654 2451 747 2522 itaque
766 2451 869 2504 ratione

70 2529 213 2582 actionum
223 2537 331 2594 exacta,
346 2526 539 2583 transferentes
549 2544 579 2582 se
589 2525 625 2581 ad
633 2524 808 2598 prophetam.
826 2526 869 2579 vi-

126 2668 149 2715 ¹¹)
171 2667 318 2708 Adverbumt
339 2660 440 2709 betam
452 2668 610 2708 rel-Mmtum.
636 2664 716 2705 Auen.

125 2733 162 2782 ⁸²)
192 2745 212 2774 a.
231 2739 383 2784 mactatam:
412 2729 444 2775 rie
466 2735 523 2774 enim
543 2732 645 2782 supponit
663 2732 743 2781 puerum
763 2732 827 2770 ntum
848 2731 870 2768 in

71 2785 207 2828 menum
220 2796 259 2835 pro
272 2789 405 2836 tempestate.
430 2785 510 2824 Auen.
907 2793 909 2804 ¹
