2050 3100
68 185 199 256 [11,saa.]
398 190 448 235 nn
466 190 568 237 rona.
698 202 701 209 ·
832 186 880 241 tat

70 292 136 349 sibi
148 289 223 346 iacta
232 288 278 343 dei
291 286 490 361 benignitatem
505 290 553 345 illa
568 288 691 355 discens,
714 308 748 347 ne
762 287 880 364 amplius

70 364 224 423 invideret
242 364 391 435 participes
410 380 471 420 esse
485 366 624 422 Ninivitas
642 366 783 433 beneficii,
807 368 880 441 quod

72 448 142 517 ipsa
160 448 302 495 assecutus
316 438 397 494 vixit.
651 440 655 451 “

141 536 184 587 ta.
205 532 356 601 Utrumque
367 546 432 603 crgo
442 531 568 585 morbum
578 548 686 597 curans,
699 533 822 589 docendo
830 534 881 589 ho-

74 611 203 670 minem,
223 623 258 660 ne
272 606 454 677 ignorantiam
468 607 497 660 in
511 606 564 661 ‹lso
583 608 731 679 quisquam
750 611 881 682 cogitaret

76 700 176 755 noque
190 688 339 751 opponeret
352 698 381 734 se
396 680 560 753 benignitati
575 681 655 755 (eius)
670 699 733 757 erga
743 684 878 748 homines,

76 752 266 814 circumstare
277 755 302 810 ei
318 754 383 809 lecit
398 754 520 828 (novum)
534 757 677 829 navigium
690 756 806 814 iuferius
818 777 881 814 cur·

76 842 190 889 rentem
201 838 304 894 cetum,
319 846 402 901 quam
413 832 464 885 iste
474 828 591 886 bestiam
601 832 741 888 exitialem
752 832 878 898 credidit,

77 909 130 964 illa
142 923 209 961 vero
222 903 362 959 salutifera
377 922 408 959 ac
421 906 519 960 salutis
534 915 624 961 custos
639 914 705 962 erat.
744 908 814 963 Dum
828 911 880 963 ita·

77 1001 137 1056 qua
149 981 260 1036 natabat
269 978 414 1051 propheta,
431 981 541 1035 attraxit
551 982 580 1035 in
591 998 620 1034 se
631 998 694 1035 eum
704 982 781 1037 velut
790 984 880 1055 respi-

77 1058 198 1115 rationis
208 1054 288 1110 modo
298 1051 382 1118 cet'us,
396 1063 422 1110 et
432 1055 506 1108 intus
516 1056 545 1107 in
555 1063 630 1125 utero
638 1073 688 1110 suo
694 1055 749 1111 fers
756 1060 881 1129 concepit

78 1137 178 1206 ipsum
189 1132 299 1197 vivum;
317 1127 354 1203 [¹¹]
372 1129 517 1185 eratenim
531 1129 673 1185 submerso
688 1129 721 1202 (s.
733 1130 880 1203 submersi)

78 1206 233 1282 prophetae
244 1205 341 1258 domus
352 1211 447 1258 venter
457 1206 525 1268 ceti,
546 1204 642 1258 oculus
658 1213 748 1259 autem
761 1206 880 1261 exterius

80 1285 209 1337 visorum
229 1277 386 1351 speculum,
414 1286 441 1333 et
461 1278 565 1334 alarum
586 1276 675 1333 m'otus
694 1280 767 1335 siout
785 1296 881 1335 currus

81 1355 198 1429 quidam
213 1354 296 1427 regis.
819 1350 821 1357 ’

146 1465 185 1517 ll.
205 1462 380 1533 Opropheta,
392 1461 461 1517 adeo
471 1462 606 1535 dignitate
616 1461 756 1533 praeditus
768 1479 806 1527 ea,
818 1478 881 1517 cur-

82 1558 147 1597 rum
158 1539 251 1610 ipsum
260 1538 399 1593 celeritate
408 1538 552 1612 attingere,
564 1546 697 1610 quantum
708 1536 879 1594 circumdans

81 1624 207 1672 tanetus
225 1614 355 1669 velociter
374 1615 470 1668 currit.
509 1611 577 1680 Quis
597 1630 728 1686 umquam
749 1622 880 1686 tyrannus

83 1688 261 1764 adcomundi
276 1687 406 1762 abyssum
420 1688 527 1744 vidisse
540 1697 651 1760 putatus
666 1698 720 1753 est,
741 1688 879 1744 sicuttibi

85 1764 211 1820 visibilia
221 1764 376 1830 invisibilia
386 1762 480 1818 luere?
504 1763 559 1820 tui
573 1781 704 1835 umquam
715 1782 750 1819 ex
760 1763 879 1820 homini-

84 1842 138 1896 bus
149 1842 187 1895 ita
197 1847 309 1910 patuere
319 1838 353 1892 ad
366 1838 533 1894 cernendum
547 1856 608 1894 orae
623 1848 722 1903 tarrae,
743 1838 879 1894 sicuttibi

84 1926 112 1971 et
122 1917 205 1970 maris
216 1913 332 1987 abyssus
345 1923 470 1981 ostensus
483 1914 537 1970 luit
550 1923 580 1969 ut
594 1913 798 1986 spectaculum?
823 1917 880 1969 lmo

84 1993 131 2046 cui
145 2005 277 2060 umquam
295 2007 338 2043 ars
357 1989 517 2045 huiusmodi
537 1989 710 2045 artificiosam
728 1990 881 2044 construxit

86 2065 242 2122 machinam
258 2063 420 2135 perlectam,
442 2065 514 2119 sicut
523 2074 553 2152 tp
561 2066 651 2120 omnia
662 2065 751 2120 cernis
762 2065 880 2120 lustran-

86 2142 122 2197 do
132 2150 159 2196 et
169 2146 304 2212 spectator
314 2139 374 2211 ipse
387 2139 437 2194 ulli
448 2157 502 2195 non
512 2138 664 2210 spectaris?

143 2253 184 2304 l8.
203 2247 337 2315 Quoniam
348 2257 438 2303 autem
449 2249 580 2320 propheta
591 2251 677 2322 ligura
691 2255 771 2302 tenus
784 2247 813 2298 in
828 2245 880 2299 ceti

85 2333 181 2380 ventre
190 2323 404 2388 custodiebatur,
416 2341 446 2378 re
455 2333 547 2379 antem
557 2341 621 2378 vera
632 2341 646 2377 a
656 2323 751 2377 dextra
762 2321 807 2374 dei
815 2337 880 2373 oon-

85 2399 261 2463 scrvabatur,
276 2415 372 2470 preces
382 2399 411 2453 in
422 2400 483 2469 ipso
492 2408 551 2454 ceto
561 2397 664 2460 fundit,
685 2394 826 2450 utdicitur
841 2393 879 2464 (in

86 2474 279 2546 Scriptural*),
290 2491 338 2528 ora
345 2472 449 2528 bestiae
459 2475 489 2528 in
497 2475 646 2528 orationem
656 2477 796 2539 usurpato.
816 2469 880 2523 Erat

86 2560 178 2606 autem
191 2549 288 2605 videre
305 2547 488 2620 paradoxum,
507 2549 714 2602 intercessorem
729 2543 831 2598 lactum
846 2542 881 2598 ad

136 2691 158 2738 ἕ)
177 2689 283 2740 Scriptum
296 2695 350 2732 erat:
373 2694 396 2731 tat
408 2691 511 2735 statmo,-
538 2690 596 2738 quast
609 2697 659 2727 vero
673 2687 693 2726 ld
708 2686 846 2726 concludatur
859 2687 880 2726 lu

85 2741 215 2792 praemissis.
242 2740 321 2782 Aucta.
