2050 3100
194 225 241 280 iii
357 229 477 276 INDEX
496 227 779 275 Aucflnmsnus
798 228 819 272 1.

193 348 221 400 Si
234 349 277 398 air
290 347 450 406 immortalis,
475 345 600 408 quomodo
619 345 646 393 in
663 358 769 408 corpore
785 345 930 396 immortali

225 417 343 466 mortales
353 415 416 463 mon'
426 413 539 462 soleant?
540 447 929 461 ..............................................
963 420 985 461 1⁰

192 484 307 534 Delirum
315 483 479 542 insanumque
493 479 661 528 mihividctnr
668 484 770 541 putare,
790 480 930 529 vitamim·

226 549 372 600 mortalem
365 563 392 596 ιιι
400 547 500 596 mortali
511 545 608 609 (aere)
600 558 713 594 invenire
721 559 798 608 posse
799 583 929 595 ...............
959 573 984 584 -

191 615 244 667 Nec
257 623 340 680 partes
353 615 405 662 sine
419 620 473 662 toto
485 619 728 693 constarepossunt‚
749 626 835 674 neque
844 620 930 663 totum

225 697 278 730 arne
286 681 406 744 pambus
442 679 523 743 (Vrde
530 680 605 729 enam
612 694 671 742 pag
682 683 723 726 24
726 677 736 736 )
739 715 928 728 ......................
961 686 982 726 lt

191 747 367 798 creaturarum
376 761 455 796 causa
467 753 506 796 est
514 748 576 796 dens
585 753 613 795 ut
624 753 735 804 creator,
754 747 930 809 comptionis

224 821 308 864 antem
316 813 440 864 ntindex.
475 814 584 875 (Eadem
593 814 691 876 prolixe
702 827 762 875 pag.
774 817 981 877 16.)...........-

191 880 323 943 Quaenam
335 888 375 930 est
387 896 421 932 ex
432 882 520 930 mnndi
532 881 657 944 partibus,
681 893 745 942 qnae
757 894 812 929 non
827 889 875 931 ant
890 898 929 931 aa·

223 949 319 1013 pientia
327 956 371 998 aut
379 948 536 1012 providentia
544 948 658 1010 praedita
671 947 720 996 sit?
720 982 929 998 ........................
958 976 981 983 -

191 1015 267 1079 Quod
275 1017 351 1066 habet
360 1016 524 1079 principium,
542 1015 649 1077 incepit3
667 1022 693 1064 et
701 1015 769 1077 quod
778 1015 895 1081 incepit,
915 1033 931 1066 a

226 1085 350 1148 quodam,
366 1083 438 1132 initio
448 1089 560 1146 sumpto,
577 1081 672 1146 incepit
673 1117 929 1133 ..............................
960 1089 981 1129 lt

192 1150 310 1216 Oportet,
329 1159 357 1200 nt
369 1156 466 1200 creator
476 1149 579 1212 provide
593 1163 679 1198 curam
690 1148 783 1200 habeat
795 1164 888 1200 rernm
897 1153 929 1202 ab

224 1221 280 1284 ipso
293 1225 439 1268 creatarum.
446 1251 929 1268 .........................................................
957 1245 981 1253 -

191 1285 325 1347 Quomodo
338 1285 486 1334 rationalem
498 1283 538 1333 dei
551 1283 732 1346 providentiam
745 1298 797 1332 non
811 1287 929 1350 appella·

225 1354 321 1414 bimus,
339 1351 449 1402 maxime
461 1365 540 1414 quum
552 1351 661 1413 seipsa,
680 1365 744 1413 qnae
756 1351 789 1400 ab
806 1366 841 1402 eo
858 1353 930 1404 sacta

225 1428 296 1482 aunt,
309 1419 488 1484 providentiam
496 1432 557 1480 prae
566 1432 594 1466 so
603 1417 692 1466 terant
694 1451 928 1469 ...........................
957 1446 982 1454 κ

191 1489 259 1538 Proh
267 1503 328 1538 sane
337 1487 434 1537 brutam
442 1485 573 1544 invidiam
584 1484 640 1547 Ipsi
647 1485 690 1547 qni
700 1499 728 1534 so
736 1485 859 1547 providos
868 1503 928 1538 esse

225 1556 323 1614 volunt,
339 1555 365 1603 hi
375 1556 422 1603 deo
433 1554 545 1603 adimunt
552 1553 741 1615 providentiam
745 1588 927 1605 .....................
956 1580 981 1589 -

190 1620 248 1669 Non
256 1622 316 1671 licet
324 1635 449 1681 asserere,
466 1627 551 1683 partes
563 1620 672 1669 nniverai
671 1620 814 1697 ‘sapientes
824 1636 885 1673 ease
897 1639 928 1673 ae

223 1688 353 1750 providas,
362 1694 460 1751 patrem
468 1694 552 1736 antem
560 1700 590 1734 ac
598 1686 737 1749 principem
746 1688 825 1736 totins
835 1692 928 1739 mnndi

223 1754 500 1817 nullampraeseierre
512 1754 692 1817 providentiam
694 1788 927 1807 ...........................
960 1760 981 1803 15

192 1820 263 1881 Quae
273 1835 324 1869 ase
333 1821 440 1871 invicem
447 1822 571 1883 pendent,
586 1835 638 1874 non
647 1821 701 1871 sine
710 1814 842 1885 utriusque
852 1834 928 1874 motn

223 1895 307 1937 actum
317 1887 462 1936 sortiuntur·
455 1922 926 1942 .......................................................
957 1916 982 1927 -

189 1954 290 2005 Morum
301 1954 409 2017 dignitas
423 1955 455 2004 ab
468 1955 611 2005 hominibus
628 1956 704 2018 periit
718 1970 763 2019 per
774 1957 928 2009 inconstan-

223 2023 285 2072 tiam
294 2021 406 2082 consilii,
424 2023 578 2085 praecordiis
587 2022 724 2071 amalitia'
717 2038 768 2071 ram
777 2024 926 2085 captivatis.

224 2089 332 2155 (Eadem
340 2088 393 2139 lere
399 2104 457 2153 pag.
471 2089 526 2149 49.)
530 2124 926 2146 ............................................
959 2094 980 2139 li

190 2158 364 2209 Eruditionem
371 2158 461 2207 melius
470 2164 509 2207 est
517 2158 595 2217 velle,
605 2172 682 2219 qnam
690 2158 924 2209 contentionem...
958 2163 980 2205 lt

190 2226 295 2275 Animas
303 2225 458 2288 ignorantiae
467 2224 527 2273 vitio
536 2224 678 2273 laborantes
688 2224 820 2274 consilium
829 2226 926 2276 verita·

223 2294 255 2342 tis
267 2293 348 2343 solum
357 2307 444 2341 sanare
453 2298 544 2356 potest
549 2326 924 2342 .............................................
955 2320 981 2329 -

191 2357 219 2408 Si
232 2374 279 2409 nec
292 2359 448 2423 providentis
465 2366 563 2409 estnec
577 2358 725 2407 universalia
738 2366 832 2419 motor,
857 2360 924 2410 nihil

223 2426 326 2475 omnino
334 2428 361 2475 in
374 2427 467 2475 mundo
475 2426 570 2475 moveri
577 2426 670 2488 poterit
671 2461 924 2476 ............................
959 2431 978 2473 tt

188 2489 296 2541 Animae
313 2493 504 2541 deliberationes
523 2493 659 2554 practicae,
676 2492 842 2550 ¹sensibilium
859 2508 923 2544 vero

222 2559 396 2617 operationum
413 2573 489 2622 opera
504 2567 606 2621 peracta
620 2560 755 2609 manifesto
769 2568 921 2623 argomento

222 2629 287 2671 sunt.
298 2658 920 2675 ...........................................................................
953 2633 980 2673 so

188 2680 216 2731 Si
235 2687 319 2735 anima
331 2696 388 2737 ante
401 2704 454 2739 rem
469 2690 562 2739 iactam
575 2691 710 2741 consilinm
723 2693 833 2753 iniisset,
853 2693 919 2743 nihil

218 2747 499 2820 inprudenteregisset
503 2792 917 2812 ..................................................
951 2786 980 2795 -
