2050 3100
173 152 203 204 12
299 156 398 202 PHIL.
417 156 490 202 IUD.
510 154 671 213 QUAEST.
690 154 740 199 ΕΤ
759 154 838 199 SOL.
862 150 991 217 [11,1s1.]

254 336 334 396 Quare
351 337 422 389 dicit:
452 336 709 469 fig'rrffiqsqqqtque
724 352 796 401 reaper
812 335 908 401 suff)-

227 528 253 579 8.
283 522 336 589 Qui
359 520 574 577 immolationem
599 530 698 594 putant
720 522 863 595 designari
887 523 981 578 rebus

169 598 376 673 praesentibus,
397 597 531 661 dixerint,
552 597 628 668 quod
641 597 718 652 velut
732 598 762 651 in
775 613 918 671 synagoga
929 616 982 652 se-

170 674 239 729 dens
254 674 298 728 vir
310 672 414 743 probus
428 671 535 727 viscera
547 672 785 743 perserutabatur,
807 673 890 743 quasi
906 689 980 727 oon-

169 757 245 803 stans
264 746 422 820 symbolum
440 745 470 801 id
490 744 633 817 reputetur
650 762 701 818 pro
716 744 881 801 declaranda
896 748 979 802 veri-

169 831 234 878 tate.
270 823 325 876 Nos
336 830 427 877 tamen
436 822 506 877 llosi
517 820 697 876 adhaerentes
710 820 901 892 placitumque
912 838 978 875 ma-

169 897 249 969 gistri
260 895 405 951 manifeste
418 903 575 960 noscentes,
596 896 702 967 quippe
712 896 762 967 qui
772 894 807 949 ab
820 895 896 949 omni
906 913 977 967 spe-

169 973 212 1026 eie
221 970 373 1042 sophistica
386 969 431 1025 vel
444 970 620 1043 prognostica
633 970 742 1025 vultum
757 978 898 1035 avertens,
919 970 975 1025 deo

169 1046 222 1101 soli
233 1045 375 1110 credebat,
397 1042 537 1110 dicemus,
558 1061 623 1100 cum
632 1045 703 1116 ipsis
713 1062 787 1099 nuno
797 1046 974 1119 congregatis

169 1120 269 1176 avibus
284 1119 527 1192 supervolantibus
540 1117 729 1175 introduxisse
745 1120 850 1174 iustum
867 1119 973 1175 virtute

169 1194 339 1267 praeditum,
361 1212 416 1250 non
431 1193 509 1249 aliud
523 1194 680 1266 parabolice
689 1193 894 1259 demonstrans,
913 1195 972 1249 nisi

169 1271 235 1342 quia
251 1271 383 1324 iniuriam
398 1268 614 1340 aviditatemque
628 1268 763 1340 impediat
776 1275 803 1325 et
820 1269 890 1323 rixis
908 1268 972 1325 bel-

169 1345 260 1415 lisque
276 1344 482 1398 iniensissimus
497 1343 547 1406 sit,
574 1344 755 1399 eonstantism
771 1350 854 1415 atque
872 1360 971 1415 paoem

170 1434 278 1471 amans:
301 1418 363 1487 ipse
372 1418 446 1470 enirn
456 1417 591 1471 veraciter
599 1418 677 1487 pacis
687 1426 779 1473 eustos
789 1427 841 1473 est.
875 1417 971 1484 Quon-

169 1494 225 1545 iam
234 1506 284 1562 per
295 1490 381 1545 malos
391 1506 443 1544 neo
452 1506 506 1543 una
518 1490 618 1545 civitas
633 1493 773 1565 acquievit
788 1492 818 1547 in
833 1493 969 1565 tranquil-

170 1568 259 1630 litate,
284 1564 334 1620 ssd
348 1564 505 1619 immobiles
521 1564 608 1622 iactae
622 1576 700 1633 suat,
724 1585 812 1640 quum
832 1585 903 1623 unus
922 1570 967 1625 vel

170 1641 239 1695 alter
250 1639 331 1694 homo
341 1640 442 1694 virtute
454 1640 597 1710 praeditus
606 1643 725 1707 exstitit,
737 1643 819 1697 euius
829 1643 916 1697 virtus
925 1645 968 1696 ei-

168 1715 241 1770 viles
259 1713 368 1768 morbos
383 1722 473 1778 sanat,
495 1714 578 1770 dante
592 1715 644 1771 deo
659 1717 770 1772 virtutis
785 1716 917 1772 studiosis
931 1718 966 1772 ad

169 1790 301 1844 honorem
315 1788 401 1843 bonos
411 1805 512 1858 mores3
536 1807 587 1844 neo
597 1792 638 1845 eis
648 1790 835 1857 solummodo,
850 1789 899 1846 sed
907 1791 964 1846 illis

169 1880 293 1992 quoqude,
313 1863 363 1934 qui
376 1862 409 1936 (s.
422 1863 536 1938 quibus)
546 1866 768 1937 appropinquant
776 1866 812 1921 ad
821 1867 964 1922 utilitatem

169 1955 330 2010 paronam.

170 2086 207 2150 [Ἴ
230 2084 296 2143 Quid
317 2096 350 2136 est
374 2086 450 2150 „Suo
473 2105 559 2138 oeeuss
578 2088 636 2138 solie
663 2089 761 2139 emund
788 2088 872 2139 oceidit
890 2106 963 2168 'aseer

235 2154 373 2286 ἓῑζζὲιαέιίἓ,
386 2165 481 2284 elimes&
503 2157 588 2206 donor
608 2173 709 2221 mmm
732 2158 866 2207 tenebrosus
885 2157 962 2207 madet

224 2326 250 2377 9.
276 2324 392 2378 Divinus
407 2325 522 2396 quidam
541 2337 672 2407 excessus
690 2327 858 2398 tranquillus
878 2325 960 2380 iaetus
1009 2384 1010 2411 1

220 2499 241 2544 Ι“)
258 2497 345 2536 Melius:
363 2497 447 2536 sedebat
459 2496 519 2534 lueto
531 2498 571 2535 itta
584 2507 602 2536 s.
615 2499 772 2545 comoditate,
787 2491 959 2539 mtomt-
1008 2482 1009 2499 ³

170 2551 217 2592 τοῖς.
245 2547 286 2586 Ubi
299 2557 376 2586 sensus
389 2548 448 2585 solus
461 2546 544 2584 secedit
557 2547 584 2585 sd
597 2547 660 2595 vmg.
673 2549 797 2589 lectionem:
819 2549 911 2596 abluebat
925 2558 957 2587 eat

170 2597 238 2644 (aves)
254 2599 358 2642 Atreum,
376 2599 429 2644 puts
445 2597 505 2636 iuxta
520 2596 588 2644 Lxx,
607 2598 711 2637 adsedem
728 2600 868 2639 cadaveribus
883 2599 957 2645 divisis,

168 2657 196 2684 ne
210 2657 260 2685 sves
274 2647 377 2685 auderent
389 2643 457 2691 adim
483 2655 549 2693 quare
558 2648 581 2686 ln
590 2649 727 2696 sequentibus
736 2651 834 2698 apposite
843 2649 892 2691 dlclt
899 2650 958 2690 susm

169 2695 241 2735 Philo:
260 2697 379 2745 repellebat.
409 2695 488 2734 Auen.
