2050 3100
466 232 515 279 v11

81 368 170 433 quarp
188 353 271 407 etiam
286 359 436 406 structuras
452 358 479 405 44
493 349 594 405 formas
609 350 721 405 dicendi
738 359 769 407 ut
785 355 888 409 auctori

79 445 226 515 proprias,
244 444 349 514 quippe
359 442 463 514 quibus
477 441 562 497 laetor
570 442 625 497 iam
635 442 716 498 facile
731 446 889 499 assuescere

79 536 188 605 possit,
213 534 329 588 intactas
345 532 552 605 reliquimus*).
590 534 630 588 lta
645 535 727 589 etiam
740 535 887 591 verborum

80 624 298 680 scribendorum
312 626 380 680 ratio
396 625 431 679 ab
447 632 556 679 auctore
570 634 702 697 usurpata
712 626 817 681 anobis
826 628 888 699 ple-

79 734 205 787 rumque
220 725 327 771 servata
336 725 389 771 est.
429 718 496 771 Fere
510 717 592 771 etiam
601 718 688 771 maior
696 716 765 773 fides
776 718 888 773 adhibi-

79 820 105 863 ta
121 819 164 864 est
184 810 212 862 in
228 815 306 863 textu
321 809 411 863 Latini
431 810 589 880 interpretis
609 811 738 882 anonymi
755 810 887 881 parallelo

80 902 170 972 (Tam.
192 900 251 963 Vll,
273 916 302 969 p,
326 901 372 954 476
392 898 432 972 a.)
453 907 483 954 ut
505 901 657 970 reperimus
681 896 884 973 retinendo**).

134 1044 250 1100 Praeter
271 1041 394 1096 Philonis
413 1042 516 1114 scripta
533 1044 696 1114 allangeyo
715 1050 743 1096 et
760 1042 886 1107 auehere

82 1134 155 1188 edita
172 1136 202 1187 in
219 1132 341 1187 editione
356 1140 448 1187 nostra
461 1141 586 1204 receptos
600 1132 686 1189 habes
704 1132 739 1186 ab
758 1131 886 1205 Angeia

82 1226 169 1280 lllaio
179 1227 210 1280 in
223 1224 315 1279 lucem
323 1224 441 1295 prolatos
452 1224 539 1281 libros
552 1224 591 1277 de
606 1222 692 1277 festo
707 1222 847 1294 cophini
860 1234 886 1289 et

83 1315 340 1389 disparentibus
357 1315 510 1377 colendis
526 1307 678 1389 (iu'quinto
692 1313 886 1387 nostroTomo)

81 1409 109 1462 in
125 1425 226 1481 graeco
246 1424 371 1462 sermone
391 1408 567 1480 superstites,
593 1416 620 1462 et
633 1407 827 1480 Fragmentum
846 1407 885 1462 de

80 1502 158 1555 lona
178 1518 216 1556 ex
235 1498 365 1555 Armenia
389 1500 418 1556 in
437 1500 563 1554 Latinam
585 1498 710 1575 linguam
728 1516 744 1554 a
762 1499 885 1556 Zohrabo

81 1593 228 1656 translate,
249 1592 324 1663 quad
339 1592 430 1647 eidem
446 1592 597 1665 fragmento
613 1593 647 1647 ab
661 1591 787 1647 Auchero
802 1593 885 1647 etiam

82 1685 222 1749 exhibito,
258 1693 288 1740 44
311 1686 383 1740 inter
406 1701 436 1738 se
460 1685 612 1756 comparari
634 1685 755 1756 possint,
788 1684 885 1739 ordine

86 1776 219 1846 parallelo
238 1776 410 1835 subiecimus
431 1774 469 1848 (in
485 1776 559 1831 ealce
580 1777 657 1832 Tomi
671 1776 885 1851 viil-Aliae

87 1867 209 1925 Philonis
224 1867 359 1942 reliquiae
374 1867 455 1922 nobis
471 1876 550 1923 notae
564 1886 619 1923 non
633 1876 711 1937 sunt3
732 1885 797 1922 nam
814 1884 884 1940 quae

87 1958 159 2029 apud
177 1958 366 2016 Aucherum
382 1961 459 2022 Tem.
478 1960 511 2023 ll,
527 1976 556 2031 p.
573 1961 633 2014 444.
651 1976 713 2024 „ex
725 1959 755 2014 S.
770 1961 885 2016 Maximi

87 2050 228 2121 Capitibus
243 2051 423 2124 Theologocis
438 2068 461 2104 s.
473 2049 653 2109 Sermonibus
667 2067 716 2121 per
730 2059 856 2122 excerpta
865 2058 883 2081 ‘⁴

135 2219 156 2265 ¹)
182 2218 291 2258 Eiusmodi
309 2219 369 2260 44444
391 2221 463 2268 sectus
480 2220 534 2267 suit,
558 2221 632 2258 44444444
650 2220 702 2266 snit,
725 2222 749 2258 44
765 2221 883 2261 Perfectum

85 2271 167 2309 Partiri
180 2270 293 2309 formatum
312 2281 359 2309 esse
377 2271 440 2316 44144,
463 2279 500 2318 pro
513 2272 585 2317 1444444
602 2273 641 2317 444,
666 2271 742 2308 dietum
758 2275 798 2317 4444
820 2273 884 2309 inter-

83 2321 163 2368 pretari
179 2322 263 2368 passive
281 2324 416 2372 usurpatum
440 2322 494 2370 quod
507 2331 555 2358 eum
568 2320 686 2359 ludicatlvo
700 2331 738 2368 pro
755 2320 883 2360 recusative

86 2381 132 2409 cnm
145 2369 263 2418 infinitum
278 2373 352 2409 4444444
366 2373 405 2410 sub
419 2371 488 2419 alique
506 2381 540 2416 τος
555 2371 629 2419 444444
644 2372 680 2419 qni
693 2381 741 2410 eum
755 2370 882 2416 4444444444,

87 2425 124 2459 ete.
163 2421 251 2459 Nonnisi
273 2423 314 2460 hoe
334 2422 364 2459 rei
389 2425 553 2460 consentaneum
576 2422 755 2470 existimavimus,
786 2425 809 2461 44
835 2425 885 2470 post

88 2469 261 2510 Gonlunetlonem
275 2475 296 2509 44
312 2471 451 2511 Indieativnru
465 2472 487 2509 ln
501 2470 666 2510 Goniunetlvum
679 2475 820 2518 mutaremus,
838 2472 884 2509 4444

88 2523 183 2610 tempium
205 2524 271 2570 pudet
292 2523 371 2560 4444444
391 2531 519 2571 poneremus
540 2533 578 2570 pro
599 2532 658 2562 444444
671 2524 737 2570 pedo
757 2533 779 2560 44
797 2522 882 2566 melre,

90 2576 109 2612 et
122 2582 135 2610 4
150 2583 170 2611 a.

135 2639 169 2684 ⁶⁴¹)
192 2637 220 2678 V.
234 2648 253 2676 4.
267 2647 359 2686 unaque,
379 2641 481 2687 4444444444,
499 2640 598 2686 etherius,
616 2649 714 2682 4444444444,
731 2637 883 2685 prohibendae,

88 2690 191 2734 emenia,
223 2690 359 2735 contumatia,
388 2691 570 2734 sumministratio,
601 2689 740 2731 ammirans,
769 2687 882 2742 4444444444,

87 2741 161 2778 imbrus·
174 2741 217 2785 (4),
241 2740 333 2778 oratorie
346 2741 413 2786 (ael),
436 2750 504 2785 44444,
533 2749 633 2783 cccmus,
652 2738 753 2783 saror-ae,
783 2735 884 2781 palestra·

89 2791 210 2836 4444444444,
234 2792 351 2837 temperem·
363 2793 399 2837 (t).
