2050 3100
178 160 228 213 ata
309 166 407 212 rann.
426 166 501 213 run.
520 166 682 225 Qunnsr.
700 166 752 211 ar
770 166 850 212 son.
875 159 919 226 [11,
928 161 985 225 stt]

177 267 279 319 iterum
297 265 508 335 compellentem
528 266 601 321 inter
618 267 794 319 seinvicem.
834 266 983 337 Siquidem

179 341 228 392 vix
247 338 343 393 stellae
362 340 513 395 adhaerent
532 341 588 395 sihi
607 350 716 403 mutuo,
736 338 773 413 [Ἴ
789 356 863 410 quae
885 357 983 410 nempe

179 415 255 467 iuxta
275 415 424 467 terminum
443 423 522 479 sunt,
548 416 691 469 terminata
711 423 875 484 tempestate
897 424 924 470 et
942 432 984 468 se·

178 488 274 559 quenti
283 487 449 559 incipiente,
465 488 530 552 sed,
546 497 578 544 ut
587 489 662 550 dixi,
678 497 720 543 est
729 489 802 542 inter
817 489 884 543 illas
899 490 983 543 inter-

177 562 469 632 vallumspatiumque
479 564 622 634 purissimi
634 580 666 616 ac
676 562 840 617 nitidissimi
851 563 980 624 aetheris,

177 636 227 708 qui
237 637 342 690 circum
352 653 383 690 se
392 635 476 692 hahet
485 646 541 691 tres
550 647 577 691 et
588 642 693 705 oollipat
705 655 785 699 auro,
806 639 892 691 ouius
906 638 981 692 simi-

179 710 327 765 litudinem
341 709 472 785 figuravit
486 712 516 765 in
530 729 561 767 se
575 712 669 766 aether
682 718 794 783 propter
803 711 931 767 nobilem
941 730 980 767 es·

178 786 307 841 sentiam.

181 891 261 951 Quare
278 893 382 944 eiusdem
397 892 497 942 maiar}
513 902 567 943 nott
582 908 688 957 peramat
706 909 757 941 cum
770 892 922 957 principibus
944 892 980 942 tn'-

246 963 325 1024 lmum,
357 960 502 1025 sculptam
528 961 668 1010 lubentibus
692 960 777 1025 sipillic
799 976 817 1008 α
838 961 981 1011 comitibus?

246 1034 299 1093 (28,
315 1030 369 1093 21.)

237 1116 294 1169 lli.
319 1112 455 1180 Quoniam
473 1110 622 1168 duodecim
637 1128 775 1183 gemmae,
801 1128 899 1168 eorum
913 1128 981 1183 quae

178 1191 208 1243 in
223 1190 425 1251 Zodiacosunt,
446 1186 593 1241 duodecim
608 1187 771 1242 animalium
786 1185 892 1241 formae
908 1196 980 1241 sunt.

179 1263 342 1338 Symbolum
355 1273 446 1318 autem
456 1271 498 1316 est
508 1261 656 1317 duodecim
666 1261 901 1333 patriarcharum,
916 1260 981 1315 dum

178 1340 291 1393 nomina
311 1355 405 1393 eorum
425 1336 532 1392 caelatu
551 1336 685 1407 insculpit
705 1336 795 1399 intus,
820 1335 918 1390 volens
938 1352 980 1389 eos

180 1414 274 1469 stellas
285 1412 400 1468 reddere
410 1422 437 1467 et
449 1414 529 1483 quasi
540 1411 692 1482 unicuique
702 1427 790 1464 unum
801 1410 915 1483 signum
924 1410 980 1463 dis·

179 1487 315 1551 tribuere,
337 1488 393 1542 imo
406 1488 498 1560 potius
512 1487 638 1560 singulos
654 1487 729 1557 ipsos
739 1483 912 1557 patriarchas
924 1484 979 1539 fieri

179 1563 272 1633 signa,
293 1568 325 1616 ut
339 1561 447 1634 effigies
462 1562 602 1617 caelestis:
634 1570 665 1616 ut
678 1577 777 1632 nempe
791 1560 884 1633 gentis
899 1560 979 1614 duces

179 1653 210 1690 ao
225 1636 397 1708 patriarchae
411 1654 445 1689 ne
456 1637 565 1691 interra
577 1635 748 1691 ambularent
758 1635 831 1689 sicut
842 1636 977 1698 mortales,

179 1709 228 1764 sed
239 1710 349 1780 plantae
365 1710 496 1765 caelestes
515 1709 603 1766 eflecti
618 1713 647 1764 in
664 1711 772 1765 aethere
790 1709 977 1772 obambulent,

179 1783 284 1839 ibidem
295 1783 355 1837 lixi.
395 1786 510 1838 Nomina
522 1793 613 1840 autem
623 1803 717 1840 eorum
727 1787 817 1854 eipilla
827 1802 889 1838 esse
900 1784 977 1846 dixit,

178 1858 259 1930 quasi
268 1858 376 1929 species
389 1858 589 1924 immutabiles,
611 1877 682 1931 quae
696 1861 725 1913 in
739 1859 836 1915 eadem
849 1859 979 1915 similitu-

178 1934 244 1989 dine
254 1940 432 2005 permaneant
442 1949 561 2004 semper.
597 1935 676 1990 Sicut
687 1937 761 1989 enim
772 1934 898 2007 sigillum
910 1933 979 1987 mul-

178 2009 214 2062 tis
234 2007 363 2063 essentiis
383 2008 412 2060 in
432 2025 482 2061 sua
502 2007 587 2063 forma
606 2009 730 2080 figuratis
750 2011 843 2080 ipsum
858 2009 979 2064 incorru-

178 2089 256 2154 ptum
268 2091 295 2137 et
306 2082 478 2136 immutabile
490 2092 594 2148 manet,
612 2084 707 2138 multis
718 2084 781 2138 aliis
793 2084 979 2155 participatio-

178 2173 241 2211 nem
261 2157 444 2229 possessionis
462 2167 604 2228 praestans
624 2175 639 2212 a
657 2175 707 2212 sua
727 2159 852 2228 propria,
873 2158 979 2212 nullum

179 2249 244 2287 vero
255 2239 384 2287 eventum
400 2249 513 2301 passum
528 2233 639 2287 omnino
654 2232 688 2286 ab
704 2234 812 2303 aliquo,
834 2233 875 2286 sic
892 2241 919 2287 et
932 2249 980 2304 pa-

179 2307 360 2362 triarcharum
381 2324 606 2379 unumquemque
625 2314 766 2378 tamquam
789 2305 906 2361 formam
929 2308 979 2361 im-

179 2383 342 2438 mortalitate
361 2382 463 2436 donare
483 2398 514 2436 ao
533 2389 698 2453 perpetuum
722 2381 837 2436 reddere
863 2397 978 2452 aequum

179 2456 270 2513 ducit:
306 2473 360 2510 non
376 2463 406 2510 ut
421 2472 515 2511 casum
530 2455 677 2526 quemdam
693 2463 866 2526 paterentur,
888 2455 937 2510 sed
952 2463 979 2510 ut

178 2539 314 2586 mutantes
334 2540 364 2582 se
384 2538 410 2584 et
429 2538 570 2584 moventes
589 2529 761 2585 firmarentur
776 2531 805 2583 in
819 2531 856 2583 iis
871 2529 979 2585 virtuti-

178 2603 240 2665 bus,
253 2619 325 2674 quae
335 2604 478 2658 imitantur
488 2607 591 2666 tribum,
604 2619 731 2675 quaeque
741 2604 908 2661 distributae
918 2611 979 2660 sunt

176 2678 268 2746 gentis
277 2676 433 2731 ordinibus.
