2050 3100
172 209 207 259 Ἡ
253 211 353 255 PHIL.
372 209 447 254 [UD.
467 207 628 265 Qunnsu.
643 207 692 252 ET
712 201 992 272 son.[11‚192.193.]

172 311 274 366 mentis
287 308 499 381 rationisque*).
538 307 648 378 Optime
661 315 754 362 tamen
769 309 907 378 scriptum
921 322 992 366 cst:

174 389 300 442 condunt
311 402 365 452 Μ
394 401 459 438 nam
472 383 548 454 quod
563 383 689 438 clausum
703 389 758 446 eet,
784 383 887 453 aperi-i
908 387 994 442 solet

172 470 295 532 tempore
307 456 344 534 [*]
355 468 522 532 opportun03
549 473 604 512 non
617 473 682 528 ergo
695 473 745 527 spe
759 455 892 511 destituta
908 471 990 524 erat,

174 553 206 592 ac
220 535 274 591 fixa
288 536 319 588 in
332 535 450 589 coneilio
463 532 599 604 capientia
618 532 679 585 eius
695 539 828 602 perpetuo
847 547 879 586 ee
898 537 991 603 prole

173 609 299 673 carendi,
320 609 371 664 sed
386 609 439 663 scit
451 607 527 679 quod
547 607 669 678 paritura
688 614 742 660 est:
774 605 862 677 pariet
881 614 990 664 tamen

174 703 227 741 non
242 685 515 755 impraesentiarum,
536 681 586 736 sed
600 679 711 752 quando
726 681 816 734 anima
825 679 991 750 perfectio-

174 762 218 814 nie
227 759 377 831 puritatem
385 756 522 814 ostendat.
550 757 581 810 ln
592 763 730 826 quantum
737 771 802 810 vero
812 755 989 826 imperfecta

174 843 229 897 est,
250 833 318 888 eatis
333 842 375 887 est
388 835 416 887 ei
429 833 540 886 mitiore
552 831 677 886 doctrina
692 831 733 885 uti
752 846 802 902 per
821 831 987 902 encyclica.

173 908 252 964 Unde
267 906 342 962 haud
351 907 507 962 inconsulto
517 906 548 958 in
557 907 644 960 sacris
654 921 765 976 quoque
775 905 988 964 certaminibus

174 982 361 1057 (Olympius),
382 982 432 1053 qui
447 997 501 1036 non
511 989 629 1051 poesim
636 981 741 1052 primas
751 980 876 1052 accipere
885 981 988 1038 victo-

173 1060 245 1123 riae,
269 1056 401 1113 secundis
414 1055 495 1129 digni
513 1053 686 1110 efficiunturz
717 1055 880 1126 proponitur
899 1059 987 1114 enim

174 1133 342 1190 certantibus
362 1133 516 1206 praemium
533 1132 654 1202 primurn
667 1138 695 1184 et
708 1129 862 1184 secundum
876 1137 911 1185 et
921 1140 987 1187 ter-

173 1213 246 1266 tium
259 1227 275 1264 a
288 1208 466 1282 praesidibus
479 1206 592 1278 agonis,
613 1206 663 1275 qui
678 1212 883 1277 repraesentant
893 1215 987 1262 natu-

173 1303 246 1340 ram:
274 1285 340 1341 huic
354 1300 419 1356 ergo
433 1283 556 1354 primum
569 1280 724 1351 praemium
738 1279 866 1350 proponit
884 1281 986 1336 virtu-

174 1368 249 1422 tum,
263 1358 418 1414 secundum
428 1366 520 1413 autem
530 1352 769 1428 encyolopacdiae.

178 1509 258 1569 Quare
270 1511 386 1563 mulierem
400 1511 516 1561 Amalec
534 1509 594 1562 dicit
606 1509 713 1561 Soram?
738 1508 781 1560 Ait
799 1509 872 1559 enim:
901 1545 919 1573 ‚,
930 1511 984 1561 Su-

242 1594 305 1626 mena
323 1577 391 1627 Sara
407 1579 489 1627 rander
505 1578 621 1627 Abrahae
638 1578 748 1627 ancillam
763 1594 830 1627 suam
842 1576 915 1641 Aper
930 1580 984 1629 Ae-

240 1646 359 1711 qyptiam,
380 1643 445 1694 dedit
459 1646 484 1694 in
498 1662 581 1695 manue
595 1646 651 1695 cirta.
661 1648 678 1674 “
697 1647 750 1710 (16,
770 1646 807 1707 3.)

230 1766 273 1817 at.
298 1757 444 1815 Concludit
463 1757 685 1831 comprobatione
703 1757 857 1830 Theologus
878 1763 984 1815 matri—

175 1838 298 1891 monium
313 1833 463 1905 proborum
476 1834 513 1889 ob
528 1834 728 1888 incontinentes
746 1833 878 1887 lascivos:
911 1850 983 1889 nam

175 1913 222 1966 isti
231 1919 343 1983 propter
351 1909 529 1971 concubinas,
541 1908 571 1962 in
581 1924 650 1979 quas
661 1907 757 1963 ardent
766 1909 979 1974 insanoamore‚

175 1986 332 2057 despiciunt
341 1986 480 2055 sapientes
494 2000 606 2038 uxores.
644 1982 735 2049 Quare
748 1982 857 2056 inducit
870 1983 982 2040 virtute

174 2069 313 2123 ornatum,
334 2068 503 2114 constantem
523 2060 616 2113 virum
630 2059 770 2131 coniugis,
792 2074 824 2112 co
837 2066 978 2129 tempore,

174 2152 230 2207 quo
247 2135 349 2190 licebat
360 2137 403 2189 uti
417 2134 531 2201 ancilla;
565 2142 592 2188 et
605 2132 730 2187 sobrium
745 2131 866 2204 proiecto
884 2132 983 2206 (desi-

174 2210 253 2283 gnat)
267 2210 368 2265 mulier
382 2210 548 2282 sapientem,
570 2224 657 2279 quum
672 2207 757 2262 alium
771 2208 800 2261 in
820 2207 981 2264 thalamum

174 2287 317 2357 ingressus
336 2294 388 2339 est.
431 2283 567 2351 Quoniam
587 2281 661 2353 apud
681 2282 865 2338 concubinam
885 2286 980 2339 coitus

174 2360 250 2415 solus
269 2368 327 2414 erat
346 2376 491 2430 corporum
509 2358 546 2413 ob
562 2357 745 2429 procreandos
761 2356 878 2421 liberos,
900 2359 980 2429 apud

174 2436 321 2508 coniugem
330 2450 396 2488 vero
406 2435 472 2488 unio
483 2433 590 2487 animae
601 2432 772 2487 concorditer
784 2440 925 2503 coaptatae
938 2430 977 2505 [*]

174 2511 286 2566 caelesti
308 2508 457 2563 desiderio.
496 2508 599 2561 Littera
618 2506 682 2560 talis
702 2514 753 2561 ast.
793 2504 835 2561 Ad
854 2515 977 2561 mentem

174 2602 252 2649 vero,
265 2584 314 2656 qui
325 2583 490 2653 sapientiae,
505 2582 630 2635 iustitiae
639 2582 811 2651 caeterisque
821 2580 978 2635 virtutibus

225 2757 247 2803 't
263 2757 312 2796 Vld.
333 2756 449 2796 clementis
467 2753 584 2791 Alexandr.
602 2752 680 2792 strom.
696 2755 715 2797 1,
734 2755 754 2790 o.
780 2754 863 2793 Anch.
