2050 3100
150 194 183 246 ot
255 197 353 243 enin.
371 195 445 241 run.
466 194 627 253 Quaeso.
644 195 694 240 nn
713 195 795 242 son.
836 184 878 260 [n,
891 184 959 263 itu]

150 297 245 354 efficit.
283 295 401 351 Etoliva
410 311 520 366 semper
530 295 649 368 virginis
684 295 804 366 purioris
815 297 960 350 essentiae

149 382 204 436 est,
232 387 316 443 quam
334 371 446 426 sortitus
465 378 508 425 est
527 369 628 443 globus
646 369 818 438 inemabilis3
857 370 960 425 oleum

150 449 225 503 enim
241 446 355 501 luminis
369 445 483 500 materia
493 453 549 500 est:
575 443 682 500 caelum
693 452 784 500 autem
794 443 959 516 splendoris

85 542 87 547 ’
150 523 266 594 liguram
277 521 362 592 gerit,
374 520 405 575 in
414 535 470 592 quo
480 527 507 576 et
517 519 626 574 lucidae
636 518 731 575 stellae
741 526 815 574 sunt.
848 519 914 575 ldeo
926 530 960 576 et

149 598 308 669 pluritatem
326 611 420 649 earum
442 593 590 668 (arborum)
610 593 779 650 consuetudo
794 591 846 650 lert
860 597 959 650 nomi-

151 688 230 737 nare,
245 687 300 725 non
310 686 347 724 ex
355 670 476 741 propriis
485 669 542 724 sihi
553 669 679 733 dotibus,
695 667 744 724 sed
755 685 791 724 er
799 669 957 740 principali

150 762 246 801 eorum
255 760 361 816 quercu
372 743 445 815 (nem
455 744 503 800 Gr.
516 743 581 818 δρῦς
595 753 636 799 est
650 759 769 816 quercus
783 751 810 798 et
824 743 906 817 silve)
922 747 957 800 in

151 821 234 884 locis,
258 819 309 875 ubi
323 819 412 892 magis
426 816 581 873 condensae
597 818 707 874 arbores
723 835 754 873 ac
767 817 839 874 silva
858 820 957 874 eonsi-

149 903 239 958 stunt,
259 894 312 949 etsi
330 910 449 965 quercus
468 892 575 948 nullam
594 889 633 1022 gl]
654 892 787 950 ultionem
804 901 892 964 petat;
925 903 957 950 et

150 969 326 1042 queroisecae
345 967 404 1040 (Gr.
420 965 574 1042 δρυοκόποι)
614 969 737 1033 iuuatur,
762 967 811 1038 qui
826 984 956 1023 caesores

149 1053 214 1100 sunt
226 1046 310 1099 etiam
320 1043 455 1108 abietum,
476 1042 621 1098 cedrorum
632 1060 663 1097 ao
672 1042 872 1106 consimilium,
894 1043 955 1098 imo

149 1120 233 1174 etiam
248 1119 373 1183 illarum,
395 1119 548 1190 exquibus
567 1119 695 1174 convenit
712 1118 782 1190 erigi
801 1116 952 1182 cancellos,

150 1193 290 1267 δρύφακια
303 1193 402 1250 dictos.
441 1195 499 1249 Nec
512 1210 568 1248 non
583 1193 711 1249 arborum
720 1192 824 1247 fructus
836 1193 955 1248 univer-

149 1271 213 1334 sim,
226 1277 282 1325 tam
291 1269 505 1326 domesticarum
515 1285 599 1340 quam
610 1268 769 1342 agrestium,
780 1267 878 1338 quemi
890 1266 955 1322 fru-

150 1352 210 1398 ctus
230 1343 361 1400 dicuntur
380 1342 512 1407 acclivi,
539 1343 613 1397 sieut
631 1351 658 1398 et
676 1359 809 1417 quercum
828 1351 954 1398 matura-

150 1418 277 1472 tamsive
286 1417 381 1489 fagum
390 1417 565 1486 primitivum
575 1419 717 1472 nominent
727 1417 807 1472 illum
817 1417 949 1482 fructum,

149 1491 199 1563 qui
213 1506 298 1561 super
310 1491 434 1561 plantam
447 1491 616 1546 maturescit.
657 1492 715 1547 Uno
730 1492 827 1559 verbo,
849 1508 951 1548 nomen

150 1580 271 1637 quercus
280 1572 308 1619 et
317 1564 408 1620 olivae
416 1572 447 1620 ut
459 1565 658 1638 principalium
672 1570 778 1624 cunctis
792 1570 950 1639 imponunt.

205 1667 310 1723 Sedccti
319 1685 385 1724 vero
395 1670 556 1739 apparuisse
567 1670 627 1726 iure
637 1671 742 1727 dictum
753 1680 803 1737 est,
818 1672 952 1743 quoniam

150 1743 262 1798 habitus
282 1751 309 1798 et
328 1744 407 1814 quies
425 1746 634 1817 tranquillitatis
652 1755 693 1802 est
706 1747 826 1819 corporis
845 1748 948 1803 sessio:

151 1834 229 1872 mens
241 1826 332 1872 autem
342 1819 475 1889 sapientis
486 1821 597 1892 quando
608 1822 637 1875 in
647 1822 740 1893 quiete
753 1824 779 1878 'et
791 1838 858 1893 pace
868 1838 952 1877 secu-

149 1891 295 1956 resedeat,
309 1891 386 1947 illam
400 1910 472 1966 quac
481 1895 636 1951 secundum
645 1896 852 1969 intelligibilem
862 1898 951 1952 vitam

151 1965 253 2021 laboris
263 1967 398 2033 nesciam,
411 1969 634 2037 vsimilitudinem
645 1972 703 2028 veri
715 1973 786 2027 entis
797 1972 842 2027 dei
852 1972 950 2028 volens

149 2041 266 2105 imitari,
288 2051 423 2113 quantum
437 2044 496 2100 fieri
507 2047 610 2118 possit,
632 2046 751 2101 humana
763 2056 859 2103 natura
869 2047 951 2102 simi-

150 2115 205 2170 lem
220 2116 350 2188 originali
365 2117 498 2176 describit
510 2121 657 2176 obscuram
673 2120 797 2177 formem.
836 2122 877 2175 Art
886 2127 951 2177 osti-

148 2207 192 2243 um
205 2206 270 2245 vero
289 2192 451 2248 tubernaculi
468 2199 555 2251 tedere
571 2195 729 2269 symbolum
749 2212 810 2251 esse
827 2195 947 2260 videtur,

148 2264 223 2335 quod
234 2282 334 2337 eorpus
344 2269 425 2338 quasi
434 2270 528 2324 tunica
537 2270 668 2342 pellicea,
689 2278 721 2327 ut
730 2270 798 2326 alies
812 2286 888 2325 sacra
899 2270 950 2325 do-

149 2339 219 2392 mini
233 2340 361 2396 mandata
376 2352 583 2417 nuncuparunt,
609 2346 716 2401 animae
736 2354 790 2415 est;
817 2346 883 2417 quia
902 2346 948 2399 vie

148 2412 268 2469 efficitur
282 2415 417 2481 colorum,
438 2417 601 2490 figurarum,
626 2436 739 2486 vocum,
761 2421 907 2475 humorum
920 2430 949 2475 et

148 2505 295 2559 vaporum,
310 2499 526 2566 cunctorumque
539 2495 725 2550 sensibilium.
764 2496 846 2550 Decet
857 2503 947 2550 autern

148 2564 251 2647 yirtute
260 2566 369 2637 pollens
379 2568 527 2625 consilium
538 2568 633 2624 sedere
643 2586 728 2641 prope
739 2569 896 2633 adsensus,
917 2578 947 2623 ut

148 2639 261 2704 ianitor,
292 2642 494 2713 nequicquam
516 2645 608 2699 nocivi
628 2647 775 2698 introrsum
793 2645 946 2715 surripiens

148 2726 231 2766 causa
245 2731 333 2772 noxae
347 2717 384 2771 sit
398 2720 519 2783 animae,
545 2734 632 2787 quum
647 2733 758 2788 compos
773 2727 814 2773 est
830 2735 889 2774 eam
903 2720 948 2773 in·
