2050 3100
36 166 83 231 [1,
98 162 164 227 ¹32]
264 167 332 213 ΜΒ.
349 167 399 212 DE
416 166 661 213 ANIMAL-IBUS.
811 162 854 214 lli

36 272 159 339 Neque
166 266 283 322 medicis
293 266 353 321 sine
363 266 426 322 cibo
440 276 487 321 aut
499 275 567 339 potu
581 276 628 323 aut
641 268 772 322 remediis
786 268 860 323 cedit
887 310 889 321 ι

40 350 153 415 optata
167 343 271 398 sanitas
285 343 398 414 aegroti.
436 342 471 397 Et
483 341 553 412 quid
566 350 671 413 oportet
685 342 859 398 dinumerare

44 417 196 480 artifices,
217 432 333 489 quorum
348 425 402 471 tota
415 434 459 471 ars
468 418 707 488 perinstrumenta
718 426 860 472 exercetur

46 502 84 548 et
95 492 204 563 quibus
214 491 341 547 nullaest
353 491 400 547 vis
409 492 469 546 sine
484 491 548 545 his?
574 490 680 547 Aranea
694 500 784 547 tamen
799 500 860 547 tan-

47 567 122 621 tilla
136 574 219 638 atque
233 567 342 622 inutilis
355 574 449 637 putata
464 568 535 622 inter
549 567 694 632 bestiolas,
716 567 861 639 perfectis·

49 643 135 695 sima
143 641 173 695 in
183 649 290 697 textura
300 640 376 695 nullo
386 650 448 713 eget
458 642 647 708 instrumento,
659 642 708 698 sed
718 642 860 697 sufficiens

52 724 106 771 est
115 732 166 787 per
178 732 209 770 se
223 715 312 788 ipsam
327 715 362 769 ad
365 714 570 802 perfectionem
584 734 689 783 rerum,
710 735 780 789 quas
794 735 860 805 ope-

51 790 119 845 rari
133 791 204 845 vult
242 790 314 846 Ecce
327 790 402 845 enim
411 791 469 844 scio
478 790 614 860 pictorum
625 792 823 881 fictorumque
816 810 860 847 ιιι-

52 865 177 939 genioss
192 866 392 937 experimenta,
413 865 463 934 qui
477 864 608 936 figmenta
622 874 649 921 et
658 868 798 937 picturas'
790 885 861 921 rma

55 940 213 1013 ginasque,
229 949 363 1011 quantum
372 956 402 993 ιιι
411 956 481 1009 ipsis
491 947 577 1003 esset
592 947 749 1013 sategerunt
761 958 861 1013 perpe·

55 1024 182 1069 tuareac
191 1014 358 1069 immortales
367 1012 482 1069 reddere
494 1014 599 1068 labores
611 1030 688 1078 suos,
704 1032 735 1069 ao
745 1016 861 1086 proinde

55 1087 204 1144 laedentes
218 1106 300 1161 opera
313 1106 364 1143 sua
368 1098 517 1158 tamquam
530 1088 740 1155 inexorabiles
733 1090 860 1144 mimicos

55 1162 130 1219 odio
142 1162 274 1219 habuere.
311 1164 387 1218 Idem
402 1162 490 1217 iacere
506 1171 534 1219 et
548 1180 673 1217 araneam
683 1163 861 1219 manifestum

56 1246 120 1301 est,
136 1254 207 1309 quea
217 1239 349 1293 nimirum
357 1246 502 1309 postquam
511 1237 628 1310 perfecit
638 1246 787 1301 texturam,
803 1256 861 1293 me-

59 1314 113 1368 dio
122 1313 183 1368 loeo
192 1313 269 1369 velut
277 1314 307 1368 in
317 1322 409 1370 centro
418 1312 575 1375 insidiatur,
587 1329 795 1384 quaquaversus
806 1314 862 1367 cir—

58 1396 269 1459 cumspectans,
281 1405 316 1443 nc
325 1388 393 1444 forte
403 1387 524 1443 volantia
533 1404 584 1459 per
593 1390 683 1442 adrem
693 1388 812 1443 lacerent
821 1396 862 1443 te

59 1466 134 1527 lam,
155 1472 236 1535 atque
250 1473 341 1528 mast,
362 1463 562 1534 nequicquam
576 1479 707 1533 umquam
725 1480 755 1519 se
774 1464 861 1519 invita
893 1486 897 1491 ·

60 1546 243 1612 pertranseat.
282 1538 361 1606 Quod
375 1539 400 1593 si
413 1538 532 1604 accidat,
553 1556 663 1594 causam
674 1538 767 1594 damni
777 1557 792 1594 e
802 1557 862 1595 me-

60 1616 113 1670 dio
127 1615 211 1679 tollit,
231 1631 281 1686 per
294 1623 430 1670 texturam
444 1615 534 1686 ipsam
547 1614 624 1670 illico
638 1615 774 1672 vindictas
788 1617 861 1670 acci·

59 1691 159 1763 piens,
170 1690 307 1744 scissurae
317 1699 408 1744 autem
416 1706 527 1744 rursum
537 1688 673 1744 medetur.

120 1767 163 1822 id.
186 1762 223 1839 [*]
236 1766 286 1820 Est
294 1774 322 1820 et
331 1765 447 1821 alterum
460 1765 614 1836 quoddam,
634 1766 680 1820 cui
694 1781 749 1820 non
763 1765 860 1820 rustici

62 1840 132 1903 soli,
162 1841 360 1897 verumetiam
377 1842 473 1913 magni
496 1857 576 1914 reges
601 1857 694 1896 curam
717 1840 860 1896 exhibent.

61 1915 133 1986 Apis
142 1914 254 1988 ingenio
263 1914 338 1970 haud
347 1916 469 1987 prolecto
478 1916 618 1981 concedit,
638 1916 702 1987 plus
717 1933 801 1988 quam
811 1914 861 1970 ho-

62 1991 155 2044 mines
165 1991 224 2043 visa
234 1998 353 2045 mentem
363 1991 533 2064 exercere*)
563 1991 652 2048 Verrio
662 1999 793 2063 tempore
805 2007 861 2062 quo

63 2065 212 2119 universus
227 2082 341 2137 campus
355 2073 382 2120 et
396 2074 468 2122 totus
483 2067 583 2121 montis
599 2065 674 2120 locus
689 2064 788 2120 fertilis
802 2065 862 2134 pri-

63 2156 142 2193 mum
156 2137 245 2204 floret,
266 2141 393 2195 examina
408 2157 492 2211 apum
506 2140 711 2212 supervolantis
726 2148 752 2194 et
766 2139 861 2210 perlu-

63 2213 177 2269 strantia
190 2212 283 2269 hortos
298 2231 329 2269 ac
342 2215 488 2279 viridaria,
509 2223 569 2269 tum
588 2230 671 2285 super
690 2211 861 2268 ramusculos

65 2288 170 2342 virides
188 2287 394 2362 fragrantesque
412 2288 492 2345 llores
511 2289 650 2351 sedentia,
671 2304 705 2341 ex
729 2286 861 2343 calicibus

64 2362 233 2436 papillisque
248 2380 308 2419 rore
322 2366 442 2436 aspersis
456 2365 549 2435 ipsum
564 2369 715 2434 exsugunt,
736 2377 861 2432 praeser-

63 2439 115 2492 tim
130 2455 193 2493 vero
208 2456 243 2494 ex
257 2436 409 2513 thymis**)
427 2439 597 2509 caeterisque
616 2437 695 2491 humi
714 2437 858 2508 proximis,

115 2568 139 2615 ³)
159 2566 221 2608 conr.
239 2578 288 2608 cnm
303 2568 387 2609 traditis
404 2568 501 2608 sl’llnlo
518 2567 601 2617 prolixa
621 2565 659 2613 xl,
675 2567 707 2606 4-
715 2567 748 2606 ta.
766 2567 788 2604 et
804 2563 860 2613 xxi,

66 2618 255 2715 4lssn)ssffien
268 2667 306 2708 Gr
319 2665 400 2718 θύμος,
418 2669 508 2717 thymus,
527 2669 627 2708 observat
640 2667 779 2716 etIntarpres
792 2663 859 2710 Arm„

68 2720 122 2759 slent
134 2719 198 2759 enan
209 2716 327 2769 fuum
351 2717 433 2758 Anah.
