2050 3100
66 230 108 296 [11,
120 227 181 295 351]
239 234 276 278 ΙΝ
297 232 868 284 cunualu.seuu101v.465

6 389 7 402 ,
66 334 349 390 cedereaooncordra
359 334 588 397 conversationis
603 333 639 389 ob
649 335 819 407 inexplebile
829 347 871 393 at-

6 405 7 460 l
67 428 120 482 que
132 409 477 465 insatiabiledesiderium
485 411 660 474 continuum,
677 410 870 483 quodintense

6 462 8 554 l
66 494 183 541 tractum
193 491 415 571 captumqueest
427 484 576 555 principali
591 484 661 539 duce
676 485 800 560 (mente),
820 506 871 560 per

6 563 7 622 ἱ
67 560 222 615 trahentem
239 560 299 614 rim
318 559 425 613 entium
442 558 650 647 principalium
689 561 769 616 Unde
786 565 869 617 etiam

6 635 7 640 ’
67 633 427 708 egrediunturverbotenus
437 650 473 688 ex
482 635 594 689 civitate
605 652 664 691 srva
674 636 768 701 domo
789 656 818 693 re
828 648 870 693 ta

66 728 128 765 men
137 712 202 782 ipsa
211 708 325 780 qnando
336 726 415 763 mens
423 725 474 780 per
482 726 512 764 se
521 709 551 767 in
561 726 591 764 sa
601 712 722 782 coeperit
734 728 794 767 esse
809 714 870 768 dei-

66 784 105 840 fer
114 792 143 840 et
152 784 263 840 divinis
274 782 311 858 Ρ]
322 785 462 849 initiatus,
483 784 521 839 ita
530 792 561 839 ut
570 783 627 840 iere
635 794 708 841 totus
718 803 734 841 a
743 786 795 842 deo
804 805 869 859 pos-

65 860 200 915 sideatur.
249 860 349 914 Exitus
373 866 465 913 autem
487 860 550 913 viae
573 876 687 932 scopum
710 860 765 916 sibi
786 862 870 918 babet

67 951 199 1004 campum,
222 940 255 988 ut
268 934 432 988 exercitium
445 933 543 1004 probet
556 943 695 1007 certetque
710 944 736 990 et
748 938 869 993 instrua-

65 1018 109 1064 tur
126 1009 191 1081 lega
209 1007 307 1064 divina
326 1007 361 1069 ad
378 1007 520 1063 commode
536 1010 728 1079 producendos
751 1010 867 1077 fructus,

61 1085 113 1161 qui
126 1084 287 1140 animarum
300 1092 366 1137 sunt
385 1082 442 1137 cibi
461 1083 639 1139 immortales.
680 1086 800 1155 Tempus
818 1104 869 1141 au-

64 1168 119 1214 tem
132 1166 336 1231 opportunum,
355 1161 509 1213 inclinato·
498 1176 553 1213 scm
566 1163 620 1222 die,
640 1175 696 1244 quo
710 1159 811 1214 intensi
825 1162 869 1216 vi-

65 1251 144 1307 gores
155 1233 257 1289 solarrs
266 1232 353 1296 radu
367 1240 434 1303 puta
444 1231 602 1287 vrsrbrlrum
611 1248 787 1304 oprnronum
800 1233 869 1288 sub-

64 1310 249 1365 obscurantur
258 1308 430 1378 nimiamque
442 1305 582 1361 flammam
594 1307 785 1379 exstinguunt
825 1310 869 1364 Fit

66 1392 157 1439 autem
168 1383 291 1455 spatium
302 1381 333 1454 (i
344 1399 369 1437 e
382 1381 577 1464 conversatio),
593 1398 681 1453 quum
691 1382 785 1437 nullus
796 1383 868 1438 alius

65 1459 165 1515 homo
155 1476 186 1512 m
196 1456 290 1512 medio
299 1465 353 1521 est,
374 1473 429 1511 una
443 1474 507 1512 oum
521 1474 617 1513 securo
629 1456 755 1530 pacifico
794 1456 868 1525 Quid

66 1552 129 1608 ergo
139 1530 305 1605 dicatldeus
316 1531 360 1588 vel
371 1532 479 1587 animus
492 1534 521 1587 in
537 1532 621 1589 hocce
635 1532 810 1607 soliloquioJ‘?
833 1535 868 1590 Ut

64 1611 200 1673 noscatis,
217 1607 292 1679 quod
302 1625 357 1663 non
366 1608 497 1664 scientiae
507 1617 554 1664 aut
562 1608 678 1665 vrdendr
691 1619 867 1665 monumenta

65 1693 129 1740 sunt
148 1684 284 1739 dominici
303 1683 370 1738 libri
388 1684 473 1748 sacri,
497 1683 546 1739 sed
564 1684 692 1742 divinum
707 1684 867 1740 mandatum

65 1759 240 1832 verbumque
268 1758 410 1823 divinum,
446 1757 522 1830 quod
550 1759 677 1815 admonet
703 1769 865 1824 cessantem,

64 1835 197 1907 quodque
211 1851 297 1906 prope
311 1832 397 1906 est*),
421 1834 501 1905 quasi
518 1850 582 1889 vero
597 1835 701 1889 nonsit
715 1835 766 1889 ibi.
795 1835 868 1890 Dicit

65 1919 157 1966 autem
172 1910 234 1964 sine
246 1908 399 1981 prolatione
412 1909 491 1963 verbi
505 1916 532 1964 et
551 1908 673 1980 loquitur
690 1927 754 1964 cum
773 1910 867 1981 aliquo

65 1987 125 2042 sine
139 2001 209 2040 voce
221 2000 366 2055 expressa,
389 1983 504 2038 minimo
518 1983 649 2040 recedens
665 2002 680 2039 a
693 1985 867 2040 collocutori-

65 2060 117 2115 bus
136 2068 164 2114 et
182 2058 332 2129 discipulis
350 2057 604 2130 familiaribusque,
625 2059 710 2115 immo
723 2069 866 2131 praestans

65 2137 105 2190 eis
120 2133 317 2189 confidentiam
331 2150 395 2188 cum
408 2134 577 2205 incorporeis
592 2142 619 2190 et
632 2135 867 2190 conversationem

65 2226 225 2266 sermonum
238 2209 311 2270 circa
325 2207 515 2280 intelligibilia
530 2208 605 2281 apud
618 2225 648 2264 se
658 2209 811 2265 recondita:
836 2217 867 2263 ut

65 2286 149 2340 etiam
172 2284 373 2356 interrogantes
399 2283 507 2338 discant
526 2284 556 2339 id
575 2283 650 2356 quod
669 2285 810 2348 nesciunt,
840 2293 867 2338 et

66 2358 142 2432 quod
156 2367 270 2414 censent
283 2367 437 2414 constanter
446 2375 532 2422 scire
548 2359 791 2430 comprehendant
821 2357 867 2413 Si-

65 2435 122 2488 mul
134 2442 227 2489 autem
236 2434 424 2489 testimonium
434 2433 597 2520 perhibetur
607 2433 664 2487 ab
656 2450 717 2506 1pso
732 2441 809 2502 patro
821 2449 868 2485 sa-

65 2509 187 2580 pientiae
194 2507 266 2595 (hoc
280 2508 396 2582 tenorel:
424 2508 523 2566 Videte
537 2509 630 2579 itaque
647 2515 675 2563 et
687 2505 830 2560 iudicata'
822 2522 867 2559 ιιι-

65 2594 106 2638 ter
120 2600 172 2638 vos
191 2583 315 2638 invicem
334 2583 508 2655 spiritualem
527 2585 609 2638 istam
627 2579 815 2641 concordiam,
841 2587 868 2632 et
928 2601 933 2614 1

116 2738 139 2786 ')
153 2738 287 2779 (liceuriae.
310 2739 382 2785 „Dm
394 2717 424 2780 od
436 2744 531 2782 orarum
540 2749 609 2790 prope
616 2739 643 2788 ru
656 2737 676 2775 et
689 2736 778 2780 terror(
768 2736 866 2780 heristal)

68 2791 105 2828 etan·
117 2799 159 2828 noa
171 2790 282 2829 otduorss
308 2765 387 2830 duob
