2050 3100
63 123 219 194 [minutae]
269 130 340 176 LIB.
360 131 410 175 DE
428 130 676 178 ANIMALIBUS.
819 129 866 181 tlt

62 248 130 287 rum
146 238 173 285 et
190 229 321 285 classium
335 230 512 302 civitatisque
526 248 570 285 me
584 228 620 305 [i]
632 232 868 289 circumduxerint

61 306 196 363 examina
207 306 379 379 negotiorum
388 307 418 359 in
427 306 488 377 ipsa
498 323 559 361 mea
570 306 748 363 habitatione.

125 418 153 470 5.
171 414 277 469 Pareo.
298 412 432 479 Quoniam
446 415 541 486 itaque
555 415 612 470 scio
626 424 652 470 te
666 434 718 471 non
730 434 866 481 recusare,

61 499 164 562 utpote
182 506 291 560 semper
309 488 484 543 sitibundum
502 490 648 555 audiendi,
671 509 722 565 ego
736 492 869 564 incipiam

63 567 177 627 dicere,
193 564 219 618 si
229 572 259 618 tu
269 572 373 632 taceas;
391 572 418 620 at
427 572 457 619 tu
467 582 522 620 non
533 566 643 621 assidue
654 569 724 621 meis
734 568 869 623 sermoni-

61 643 123 697 bus
132 642 307 702 immoratus,
320 647 441 710 perstare
452 640 480 694 in
492 641 527 694 iis
538 642 595 694 vim
606 641 657 696 tibi
669 642 763 697 iacies.

126 751 154 805 6.
173 748 378 805 Lrsruacnus.
400 750 490 804 Grave
504 758 546 803 est
560 758 614 805 eta
629 750 805 822 philosophia
821 750 870 805 ab·

61 827 185 881 horrens
194 822 352 878 mandatum
362 823 437 878 istud
447 831 540 890 tuum;
557 841 688 894 quaerere
699 827 773 881 enim
784 827 870 880 inter-

61 914 221 972 rogareque
231 899 348 953 multum
360 897 433 953 iavet
442 898 610 969 expetiitque
621 898 773 967 doctrinae,
794 899 870 955 nihi-

62 975 191 1032 lominus
206 971 359 1029 cedendum
375 974 451 1027 iusso
465 981 522 1028 tuo.
562 972 620 1045 Ego
635 974 727 1044 itaque
738 974 784 1029 hic
798 974 841 1028 ini
855 1005 870 1016 -

61 1051 129 1107 rius
142 1048 328 1120 tranquilliter
338 1047 546 1119 humiliterque,
558 1056 589 1101 ut
599 1047 677 1102 decet
687 1048 867 1119 discipulum,

61 1123 186 1181 sedebo:
208 1131 238 1178 tu
253 1131 344 1178 autem
359 1140 394 1177 ex
408 1130 557 1193 conspectu
577 1121 700 1177 residens
721 1124 749 1177 in
771 1123 824 1177 alto
843 1131 870 1177 et

61 1198 258 1257 venerabilem
268 1216 300 1253 ac
309 1215 436 1253 severum
446 1206 472 1253 te
483 1197 617 1271 effingens
631 1206 763 1269 apparatu
774 1197 869 1268 sophi-

61 1276 153 1339 stico,
169 1274 262 1345 incipe
272 1271 378 1329 tradere
389 1271 551 1327 doctrinam.

125 1366 153 1421 7.
172 1365 277 1420 Pareo.
297 1365 416 1437 Incipio,
428 1365 477 1419 sed
488 1380 542 1419 non
553 1363 718 1431 doctrinam
734 1364 869 1433 interpres

62 1443 146 1499 enim
161 1456 238 1504 sum,
263 1456 317 1496 non
331 1440 435 1495 doctor.
474 1440 576 1495 Decem
590 1440 663 1495 enim
679 1440 713 1503 ii,
738 1439 788 1510 qui
805 1454 869 1510 pro-

61 1518 160 1592 priam
170 1516 315 1571 scientiam
324 1515 440 1571 edocent
448 1515 527 1571 alios.
556 1513 867 1587 Expouuntautemilli,

62 1593 118 1666 qui
135 1591 170 1646 ab
184 1590 247 1646 aliis
261 1591 359 1646 auditu
376 1599 503 1663 percepta
519 1598 613 1646 exacte
633 1591 779 1646 memoriae
797 1589 869 1645 reie-

62 1675 144 1730 runt,
157 1682 211 1721 uon
221 1683 324 1737 paucos
334 1666 583 1722 Alexandrinorum
593 1667 829 1737 Romanorumque
840 1667 868 1720 in

61 1757 157 1799 unum
167 1741 258 1796 locum
268 1750 479 1814 congregantes,
500 1743 574 1795 viros
588 1742 707 1812 optimos
717 1749 743 1796 et
753 1741 868 1796 selectos

64 1827 152 1888 atque
167 1817 325 1888 praecipuis
339 1817 499 1892 principiis,
522 1818 628 1873 musica
643 1817 761 1890 aliisque
775 1815 869 1872 erudi-

63 1890 194 1949 tionibus
203 1899 322 1946 ornatos.

125 1972 164 2038 8.'
186 1983 391 2039 Lrsrucuus.
421 1979 459 2058 [*]
477 1982 508 2036 ln
528 1981 650 2037 medium
671 1999 733 2038 ecce
754 1983 868 2038 veniens

65 2058 230 2115 adolescens
237 2056 264 2130 *l
283 2057 451 2112 ostendendo
469 2074 499 2111 se
519 2055 594 2112 haud
612 2057 767 2128 impudenti
783 2056 868 2112 eonii-

64 2134 177 2197 dentia‚
203 2133 275 2187 sicut
288 2131 414 2186 hodierni
429 2131 530 2196 solent,
557 2131 606 2186 sed
621 2149 674 2186 una
689 2149 750 2186 cum
767 2131 867 2184 fiducia

63 2208 175 2282 pudore
194 2207 358 2270 rubescens,
384 2215 414 2261 ut
433 2206 512 2261 decet
532 2205 652 2262 nobilem
671 2205 868 2274 nobilibusque

64 2293 179 2346 natum,
199 2282 271 2337 sedit
280 2283 309 2335 in
321 2281 425 2345 medio,
446 2290 505 2335 tum
515 2280 550 2334 ob
561 2279 865 2342 suaminstructionem

63 2369 127 2415 tum
138 2356 175 2411 ob
184 2357 271 2428 patris
283 2353 489 2418 liberalitatem,
505 2371 588 2424 quam
604 2353 748 2424 usurpavit
758 2363 868 2425 propter

63 2433 111 2497 id,
127 2430 203 2503 quod
213 2432 292 2504 prius
303 2429 409 2485 dictum
420 2427 565 2500 iuerat**).

118 2573 141 2618 ¹)
163 2571 193 2610 Ut
205 2575 302 2621 putetur,
324 2570 446 2610 Alexander
462 2572 508 2618 lpse
526 2571 660 2608 constructor
672 2570 779 2616 sequentis
795 2570 867 2617 apoto·

64 2628 113 2676 giae
129 2622 157 2661 dn
170 2623 239 2662 brutis
253 2623 388 2661 animalibus.
414 2621 494 2658 Auen.

117 2672 154 2719 ”l
176 2683 194 2712 s.
216 2677 271 2724 quod
285 2674 329 2712 lom
343 2673 424 2721 carptis
440 2671 582 2709 mandaverat.
608 2668 687 2708 Auen.

610 2720 661 2770 He
