2050 3100
156 180 206 234 37l
279 187 378 233 PHIL.
397 184 470 231 ΠΗ).
490 184 652 243 QUAusT.
672 184 722 230 ET
743 184 819 229 SOL.
839 178 883 244 [1],
897 177 960 245 530]

155 287 294 341 internum
313 288 388 340 enim
401 302 509 340 sacrum
524 294 566 341 est
580 292 607 340 et
621 302 685 339 vere
701 284 841 348 divinum,
863 292 960 340 exter-

154 378 222 415 num
233 377 299 416 uero
308 362 437 432 quamvis
447 368 474 415 et
483 362 577 433 ipsum
587 360 624 415 sit
632 376 755 424 ssorum,
774 358 852 430 haud
861 366 959 413 tamen

155 435 271 490 eandem
281 436 372 509 attigit
382 444 506 491 naturam
517 443 564 489 aut
573 435 704 490 similem.
740 435 960 507 Figuratautem

155 510 302 565 mutabiles
317 518 408 581 partes
420 509 519 565 mundi
533 509 712 574 sublunares,
733 526 804 581 qnae
824 509 961 565 variatio-

156 602 219 639 nem
229 586 381 656 recipiunt,
398 593 424 640 et
435 584 594 648 caelestem,
611 600 681 656 quae
691 592 764 639 earet
774 601 839 639 essu
848 600 883 638 ae
894 603 961 640 mu-

155 661 270 723 tatione.
291 668 373 730 atque
387 667 528 731 tamquam
543 661 605 715 velo
620 668 810 732 separantura
828 674 856 713 sa
880 660 959 715 invi-

155 751 229 797 eem,
245 734 383 790 mediante
394 734 520 791 aetherea
530 735 663 806 aereaque
674 735 802 789 essentia.

195 924 275 981 Quare
292 926 366 975 uelum
383 923 437 988 „de
457 924 584 990 hyacintho
602 934 626 975 et
639 942 749 990 purpura
766 936 788 975 et
805 940 876 975 eoooo
895 938 922 978 et

346 994 413 1058 byrso
430 995 517 1041 torto“
527 991 589 1054 fieri
603 992 682 1042 lubet?
700 994 759 1056 (ib.)

209 1132 252 1185 92.
277 1127 356 1184 Siout
370 1127 465 1183 decem
479 1126 598 1182 cortinas
611 1128 782 1183 tubernaculi
792 1144 827 1183 ex
835 1139 960 1199 quatuor

153 1211 246 1259 texere
265 1202 509 1276 temperationibus
527 1202 618 1268 iubet,
648 1200 692 1258 sio
710 1219 820 1275 quoque
840 1204 957 1261 velum:

154 1280 286 1349 quoniam
296 1287 324 1335 et
337 1280 457 1333 eominus
471 1278 552 1349 quasi
566 1277 629 1332 vela
643 1287 722 1343 sunt,
741 1294 796 1333 non
808 1293 896 1349 ,super
910 1281 959 1335 in-

153 1356 279 1416 troitum,
304 1353 355 1409 sed
373 1370 423 1426 per
441 1352 604 1407 universum
622 1352 840 1408 tabernaculum.
880 1354 959 1411 Haeo

154 1444 232 1500 ergo,
254 1438 285 1482 ut
298 1428 373 1494 dixi,
394 1435 511 1499 quatuor
525 1426 722 1495 elementorum
732 1426 958 1487 indiciasuntao

152 1501 287 1574 symbola.
462 1524 466 1531 -

187 1682 235 1732 Gur
252 1699 322 1746 super
340 1693 442 1746 quotuor
458 1685 579 1734 colummae
594 1686 658 1736 iubet
675 1687 749 1736 oedem
761 1686 822 1751 poni
837 1687 862 1737 io
879 1705 921 1738 ex·

333 1751 449 1800 nontam
462 1753 629 1804 rotomacum
646 1760 698 1815 (26,
714 1757 768 1816 aa.)

206 1888 250 1939 93.
275 1883 396 1950 Quatuor
410 1884 554 1959 columnae
569 1887 691 1944 firmatae
704 1895 782 1960 sunt:
811 1887 841 1942 in
859 1891 954 1946 taber-

149 1960 249 2014 naeulo
263 1966 355 2014 autem
368 1976 450 2016 omne
463 1961 610 2034 quidpiam
623 1964 779 2037 symbolum
794 1972 837 2019 est
854 1981 955 2038 corpo-

149 2052 221 2090 rum.
260 2036 421 2107 incorporea
430 2054 495 2092 vero
504 2054 589 2109 super
598 2040 806 2109 quaternionem
815 2049 952 2111 perstant.

148 2111 218 2165 Nem
228 2111 341 2184 signum
350 2109 466 2185 (puncti)
476 2112 631 2168 secundum
644 2115 778 2169 unitatem
792 2114 952 2171 ordinatum

149 2194 204 2250 est,
217 2185 291 2241 linea
300 2194 392 2242 autem
400 2188 554 2243 secundum
564 2186 738 2253 dualitatem,
751 2197 777 2244 et
787 2190 951 2260 superficies

95 2326 99 2333 ⁴
148 2261 304 2317 secundum
317 2263 435 2328 trinum,
454 2262 576 2318 solidum
589 2280 654 2319 vero
669 2263 823 2318 seeundum
838 2276 952 2336 quater-

148 2338 274 2401 nionem,
285 2355 369 2410 supra
378 2337 453 2409 quod
462 2346 516 2393 stat
525 2338 746 2410 incorporeorum
757 2339 893 2406 essentia,
906 2339 949 2396 vel

146 2421 210 2481 post
219 2411 426 2485 intelligibilem
439 2419 594 2467 constanter
608 2429 751 2484 egressum
765 2412 872 2469 ducens
886 2433 951 2487 por·

146 2485 219 2540 tabis
235 2487 269 2541 ad
283 2486 445 2541 sensibilem
458 2487 594 2556 speeiem:
625 2487 663 2541 ita
677 2495 708 2543 ut
722 2504 817 2542 omnes
837 2489 949 2544 omnino

147 2559 292 2615 columnae
310 2559 479 2615 tabernaculi
494 2557 550 2613 sint
564 2560 780 2632 quinquaginta,
799 2561 836 2636 [*]
853 2565 949 2618 omitte

146 2630 216 2686 duas
231 2635 261 2687 in
275 2634 385 2704 angulis
399 2633 533 2697 occultas,
554 2650 671 2703 quarum
686 2635 803 2690 virtutes
817 2639 892 2692 siout
906 2655 949 2692 re-

145 2707 268 2776 stanguli
277 2706 418 2777 trianguli.
457 2718 460 2723 ·
