<?xml version="1.0" encoding="UTF-8"?>
<!DOCTYPE html PUBLIC "-//W3C//DTD XHTML 1.0 Transitional//EN"
    "http://www.w3.org/TR/xhtml1/DTD/xhtml1-transitional.dtd">
<html xmlns="http://www.w3.org/1999/xhtml" xml:lang="en" lang="en">
 <head>
  <title>
</title>
<meta http-equiv="Content-Type" content="text/html;charset=utf-8" />
  <meta name='ocr-system' content='tesseract 3.04.00' />
  <meta name='ocr-capabilities' content='ocr_page ocr_carea ocr_par ocr_line ocrx_word'/>
</head>
<body>
  <div class='ocr_page' id='page_1' title='image "./operaomniaadlib02philgoog/operaomniaadlib02philgoog_0088.png"; bbox 0 0 2050 3100; ppageno 0'>
   <div class='ocr_carea' id='block_1_1' title="bbox 72 167 854 234">
    <p class='ocr_par' dir='ltr' id='par_1_1' title="bbox 72 167 854 234">
     <span class='ocr_line' id='line_1_1' title="bbox 72 167 854 234; baseline 0.004 -16"><span class='ocrx_word' id='word_1_1' title='bbox 72 167 167 234; x_wconf 66' lang='lat' dir='ltr'>man]</span> <span class='ocrx_word' id='word_1_2' title='bbox 233 175 471 221; x_wconf 73' lang='lat' dir='ltr'>insanusne.</span> <span class='ocrx_word' id='word_1_3' title='bbox 492 175 681 224; x_wconf 76' lang='lat' dir='ltr'>sunuorv.</span> <span class='ocrx_word' id='word_1_4' title='bbox 821 168 854 221; x_wconf 79' lang='lat'>73</span> 
     </span>
    </p>
   </div>
   <div class='ocr_carea' id='block_1_2' title="bbox 70 273 857 406">
    <p class='ocr_par' dir='ltr' id='par_1_2' title="bbox 70 273 857 406">
     <span class='ocr_line' id='line_1_2' title="bbox 71 273 855 347; baseline 0.005 -21"><span class='ocrx_word' id='word_1_5' title='bbox 71 274 166 327; x_wconf 88' lang='lat' dir='ltr'>adiuvet</span> <span class='ocrx_word' id='word_1_6' title='bbox 175 273 210 329; x_wconf 91' lang='lat' dir='ltr'>ad</span> <span class='ocrx_word' id='word_1_7' title='bbox 219 274 360 347; x_wconf 83' lang='lat' dir='ltr'>condigna</span> <span class='ocrx_word' id='word_1_8' title='bbox 370 275 496 331; x_wconf 83' lang='lat' dir='ltr'>faciende</span> <span class='ocrx_word' id='word_1_9' title='bbox 507 276 639 340; x_wconf 87' lang='lat' dir='ltr'>celerius,</span> <span class='ocrx_word' id='word_1_10' title='bbox 661 276 750 331; x_wconf 87' lang='lat' dir='ltr'>virtus</span> <span class='ocrx_word' id='word_1_11' title='bbox 764 283 855 331; x_wconf 87' lang='lat' dir='ltr'>autem</span> 
     </span>
     <span class='ocr_line' id='line_1_3' title="bbox 70 348 857 406; baseline 0.005 -5"><span class='ocrx_word' id='word_1_12' title='bbox 70 348 221 404; x_wconf 81' lang='lat' dir='ltr'>celeritatem</span> <span class='ocrx_word' id='word_1_13' title='bbox 236 351 430 406; x_wconf 81' lang='lat' dir='ltr'>incunctanter</span> <span class='ocrx_word' id='word_1_14' title='bbox 445 358 578 405; x_wconf 84' lang='lat' dir='ltr'>monstret</span> <span class='ocrx_word' id='word_1_15' title='bbox 591 351 626 405; x_wconf 90' lang='lat' dir='ltr'>ad</span> <span class='ocrx_word' id='word_1_16' title='bbox 643 352 727 405; x_wconf 86' lang='lat' dir='ltr'>trium</span> <span class='ocrx_word' id='word_1_17' title='bbox 742 368 857 405; x_wconf 86' lang='lat' dir='ltr'>mensu·</span> 
     </span>
    </p>
   </div>
   <div class='ocr_carea' id='block_1_3' title="bbox 68 425 856 557">
    <p class='ocr_par' dir='ltr' id='par_1_3' title="bbox 68 425 856 557">
     <span class='ocr_line' id='line_1_4' title="bbox 68 425 856 553; baseline 0.005 -77"><span class='ocrx_word' id='word_1_18' title='bbox 68 440 145 549; x_wconf 71' lang='lat' dir='ltr'>prum</span> <span class='ocrx_word' id='word_1_19' title='bbox 160 433 186 479; x_wconf 89' lang='lat' dir='ltr'>et</span> <span class='ocrx_word' id='word_1_20' title='bbox 197 427 285 553; x_wconf 75' lang='lat' dir='ltr'>panis</span> <span class='ocrx_word' id='word_1_21' title='bbox 300 425 511 498; x_wconf 79' lang='lat' dir='ltr'>perfectionem,</span> <span class='ocrx_word' id='word_1_22' title='bbox 537 426 654 483; x_wconf 84' lang='lat' dir='ltr'>verbum</span> <span class='ocrx_word' id='word_1_23' title='bbox 667 443 735 482; x_wconf 85' lang='lat' dir='ltr'>vero</span> <span class='ocrx_word' id='word_1_24' title='bbox 750 426 856 481; x_wconf 87' lang='lat' dir='ltr'>iussam</span> 
     </span>
     <span class='ocr_line' id='line_1_5' title="bbox 83 498 286 557; baseline 0.02 -7"><span class='ocrx_word' id='word_1_25' title='bbox 83 498 195 554; x_wconf 91' lang='lat' dir='ltr'>ostiamo</span> <span class='ocrx_word' id='word_1_26' title='bbox 216 508 286 557; x_wconf 87' lang='lat' dir='ltr'>erat.</span> 
     </span>
    </p>
   </div>
   <div class='ocr_carea' id='block_1_4' title="bbox 68 583 880 2534">
    <p class='ocr_par' dir='ltr' id='par_1_4' title="bbox 68 583 880 2534">
     <span class='ocr_line' id='line_1_6' title="bbox 110 583 857 642; baseline 0.005 -6"><span class='ocrx_word' id='word_1_27' title='bbox 110 583 188 638; x_wconf 89' lang='lat' dir='ltr'>Porro</span> <span class='ocrx_word' id='word_1_28' title='bbox 197 585 286 639; x_wconf 89' lang='lat' dir='ltr'>nimis</span> <span class='ocrx_word' id='word_1_29' title='bbox 297 585 422 641; x_wconf 88' lang='lat' dir='ltr'>naturale</span> <span class='ocrx_word' id='word_1_30' title='bbox 432 594 474 642; x_wconf 89' lang='lat' dir='ltr'>est</span> <span class='ocrx_word' id='word_1_31' title='bbox 482 585 555 641; x_wconf 92' lang='lat' dir='ltr'>illud</span> <span class='ocrx_word' id='word_1_32' title='bbox 568 585 602 641; x_wconf 91' lang='lat' dir='ltr'>de</span> <span class='ocrx_word' id='word_1_33' title='bbox 616 586 705 642; x_wconf 89' lang='lat' dir='ltr'>tribus</span> <span class='ocrx_word' id='word_1_34' title='bbox 718 588 857 642; x_wconf 86' lang='lat' dir='ltr'>mensuris</span> 
     </span>
     <span class='ocr_line' id='line_1_7' title="bbox 69 654 859 735; baseline 0.013 -28"><span class='ocrx_word' id='word_1_35' title='bbox 69 654 298 729; x_wconf 81' lang='lat' dir='ltr'>dictumverbum3</span> <span class='ocrx_word' id='word_1_36' title='bbox 316 661 859 735; x_wconf 83' lang='lat' dir='ltr'>vereenimreapse*)tribusmensurau-</span> 
     </span>
     <span class='ocr_line' id='line_1_8' title="bbox 69 736 859 809; baseline 0.01 -27"><span class='ocrx_word' id='word_1_37' title='bbox 69 736 212 799; x_wconf 81' lang='lat' dir='ltr'>turomnia‚</span> <span class='ocrx_word' id='word_1_38' title='bbox 228 737 372 808; x_wconf 90' lang='lat' dir='ltr'>principio</span> <span class='ocrx_word' id='word_1_39' title='bbox 383 736 465 791; x_wconf 91' lang='lat' dir='ltr'>ducto</span> <span class='ocrx_word' id='word_1_40' title='bbox 475 745 502 792; x_wconf 89' lang='lat' dir='ltr'>et</span> <span class='ocrx_word' id='word_1_41' title='bbox 512 737 604 792; x_wconf 84' lang='lat' dir='ltr'>medio</span> <span class='ocrx_word' id='word_1_42' title='bbox 614 745 641 793; x_wconf 89' lang='lat' dir='ltr'>et</span> <span class='ocrx_word' id='word_1_43' title='bbox 651 738 719 802; x_wconf 88' lang='lat' dir='ltr'>line,</span> <span class='ocrx_word' id='word_1_44' title='bbox 739 754 859 809; x_wconf 89' lang='lat' dir='ltr'>quorum</span> 
     </span>
     <span class='ocr_line' id='line_1_9' title="bbox 68 811 857 884; baseline 0.005 -23"><span class='ocrx_word' id='word_1_45' title='bbox 68 811 200 879; x_wconf 79' lang='lat' dir='ltr'>utrumque</span> <span class='ocrx_word' id='word_1_46' title='bbox 227 812 316 867; x_wconf 87' lang='lat' dir='ltr'>inane</span> <span class='ocrx_word' id='word_1_47' title='bbox 342 812 510 882; x_wconf 90' lang='lat' dir='ltr'>comperitur</span> <span class='ocrx_word' id='word_1_48' title='bbox 535 812 640 883; x_wconf 85' lang='lat' dir='ltr'>absque</span> <span class='ocrx_word' id='word_1_49' title='bbox 664 814 744 867; x_wconf 91' lang='lat' dir='ltr'>tertia</span> <span class='ocrx_word' id='word_1_50' title='bbox 770 820 857 884; x_wconf 88' lang='lat' dir='ltr'>parte,</span> 
     </span>
     <span class='ocr_line' id='line_1_10' title="bbox 70 885 857 952; baseline 0.011 -22"><span class='ocrx_word' id='word_1_51' title='bbox 70 894 151 935; x_wconf 87' lang='lat' dir='ltr'>carens</span> <span class='ocrx_word' id='word_1_52' title='bbox 159 886 336 941; x_wconf 86' lang='lat' dir='ltr'>exsistentia.</span> <span class='ocrx_word' id='word_1_53' title='bbox 357 885 446 952; x_wconf 86' lang='lat' dir='ltr'>Quare</span> <span class='ocrx_word' id='word_1_54' title='bbox 456 888 590 942; x_wconf 88' lang='lat' dir='ltr'>Homerus</span> <span class='ocrx_word' id='word_1_55' title='bbox 600 904 654 942; x_wconf 89' lang='lat' dir='ltr'>nou</span> <span class='ocrx_word' id='word_1_56' title='bbox 666 886 766 943; x_wconf 77' lang='lat' dir='ltr'>frustra</span> <span class='ocrx_word' id='word_1_57' title='bbox 775 888 857 949; x_wconf 80' lang='lat' dir='ltr'>dixit,</span> 
     </span>
     <span class='ocr_line' id='line_1_11' title="bbox 69 956 860 1037; baseline 0.011 -31"><span class='ocrx_word' id='word_1_58' title='bbox 69 956 148 1037; x_wconf 80' lang='lat' dir='ltr'>onnia</span> <span class='ocrx_word' id='word_1_59' title='bbox 156 960 308 1031; x_wconf 89' lang='lat' dir='ltr'>tripliciter</span> <span class='ocrx_word' id='word_1_60' title='bbox 318 961 409 1016; x_wconf 90' lang='lat' dir='ltr'>divisa</span> <span class='ocrx_word' id='word_1_61' title='bbox 419 978 492 1031; x_wconf 85' lang='lat' dir='ltr'>csse;</span> <span class='ocrx_word' id='word_1_62' title='bbox 516 970 542 1017; x_wconf 90' lang='lat' dir='ltr'>et</span> <span class='ocrx_word' id='word_1_63' title='bbox 554 962 730 1036; x_wconf 78' lang='lat' dir='ltr'>Pythagorici</span> <span class='ocrx_word' id='word_1_64' title='bbox 742 962 860 1019; x_wconf 87' lang='lat' dir='ltr'>triadem</span> 
     </span>
     <span class='ocr_line' id='line_1_12' title="bbox 69 1036 860 1110; baseline 0.013 -30"><span class='ocrx_word' id='word_1_65' title='bbox 69 1036 222 1089; x_wconf 81' lang='lat' dir='ltr'>innumeris</span> <span class='ocrx_word' id='word_1_66' title='bbox 238 1038 313 1091; x_wconf 88' lang='lat' dir='ltr'>etin</span> <span class='ocrx_word' id='word_1_67' title='bbox 328 1036 425 1109; x_wconf 80' lang='lat' dir='ltr'>liguris</span> <span class='ocrx_word' id='word_1_68' title='bbox 443 1037 634 1110; x_wconf 85' lang='lat' dir='ltr'>rectangulum</span> <span class='ocrx_word' id='word_1_69' title='bbox 649 1045 676 1091; x_wconf 89' lang='lat' dir='ltr'>et</span> <span class='ocrx_word' id='word_1_70' title='bbox 690 1037 860 1109; x_wconf 83' lang='lat' dir='ltr'>triangulum</span> 
     </span>
     <span class='ocr_line' id='line_1_13' title="bbox 72 1112 861 1182; baseline 0.001 -19"><span class='ocrx_word' id='word_1_71' title='bbox 72 1117 215 1174; x_wconf 72' lang='lat' dir='ltr'>supponunt</span> <span class='ocrx_word' id='word_1_72' title='bbox 224 1126 276 1182; x_wconf 90' lang='lat' dir='ltr'>pro</span> <span class='ocrx_word' id='word_1_73' title='bbox 290 1112 424 1167; x_wconf 88' lang='lat' dir='ltr'>elemento</span> <span class='ocrx_word' id='word_1_74' title='bbox 433 1113 566 1167; x_wconf 87' lang='lat' dir='ltr'>scientiae</span> <span class='ocrx_word' id='word_1_75' title='bbox 575 1113 779 1167; x_wconf 88' lang='lat' dir='ltr'>universorum.</span> <span class='ocrx_word' id='word_1_76' title='bbox 799 1112 861 1164; x_wconf 91' lang='lat' dir='ltr'>Pri-</span> 
     </span>
     <span class='ocr_line' id='line_1_14' title="bbox 71 1180 862 1257; baseline 0.013 -30"><span class='ocrx_word' id='word_1_77' title='bbox 71 1191 107 1229; x_wconf 90' lang='lat' dir='ltr'>ma</span> <span class='ocrx_word' id='word_1_78' title='bbox 120 1180 202 1252; x_wconf 77' lang='lat' dir='ltr'>igitur</span> <span class='ocrx_word' id='word_1_79' title='bbox 216 1203 349 1242; x_wconf 86' lang='lat' dir='ltr'>mensura</span> <span class='ocrx_word' id='word_1_80' title='bbox 362 1195 416 1251; x_wconf 87' lang='lat' dir='ltr'>est,</span> <span class='ocrx_word' id='word_1_81' title='bbox 438 1188 517 1243; x_wconf 82' lang='lat' dir='ltr'>iuxta</span> <span class='ocrx_word' id='word_1_82' title='bbox 534 1203 620 1257; x_wconf 89' lang='lat' dir='ltr'>quam</span> <span class='ocrx_word' id='word_1_83' title='bbox 635 1186 757 1239; x_wconf 87' lang='lat' dir='ltr'>constitit</span> <span class='ocrx_word' id='word_1_84' title='bbox 771 1187 862 1238; x_wconf 89' lang='lat' dir='ltr'>incor-</span> 
     </span>
     <span class='ocr_line' id='line_1_15' title="bbox 71 1259 863 1334; baseline -0.01 -14"><span class='ocrx_word' id='word_1_85' title='bbox 71 1266 158 1319; x_wconf 73' lang='lat' dir='ltr'>urens</span> <span class='ocrx_word' id='word_1_86' title='bbox 177 1268 203 1314; x_wconf 88' lang='lat' dir='ltr'>et</span> <span class='ocrx_word' id='word_1_87' title='bbox 221 1262 416 1334; x_wconf 79' lang='lat' dir='ltr'>intelligibilis</span> <span class='ocrx_word' id='word_1_88' title='bbox 438 1261 571 1317; x_wconf 91' lang='lat' dir='ltr'>mundus.</span> <span class='ocrx_word' id='word_1_89' title='bbox 617 1259 758 1325; x_wconf 87' lang='lat' dir='ltr'>Secunda,</span> <span class='ocrx_word' id='word_1_90' title='bbox 785 1259 863 1313; x_wconf 85' lang='lat' dir='ltr'>iuxta</span> 
     </span>
     <span class='ocr_line' id='line_1_16' title="bbox 73 1334 863 1405; baseline -0.01 -10"><span class='ocrx_word' id='word_1_91' title='bbox 73 1339 145 1394; x_wconf 76' lang='lat' dir='ltr'>tuan</span> <span class='ocrx_word' id='word_1_92' title='bbox 165 1345 353 1393; x_wconf 84' lang='lat' dir='ltr'>constructum</span> <span class='ocrx_word' id='word_1_93' title='bbox 373 1346 415 1392; x_wconf 87' lang='lat' dir='ltr'>est</span> <span class='ocrx_word' id='word_1_94' title='bbox 434 1337 568 1392; x_wconf 89' lang='lat' dir='ltr'>sensibile</span> <span class='ocrx_word' id='word_1_95' title='bbox 588 1334 695 1389; x_wconf 88' lang='lat' dir='ltr'>caelum</span> <span class='ocrx_word' id='word_1_96' title='bbox 714 1335 744 1388; x_wconf 91' lang='lat' dir='ltr'>in</span> <span class='ocrx_word' id='word_1_97' title='bbox 766 1334 863 1405; x_wconf 90' lang='lat' dir='ltr'>quinto</span> 
     </span>
     <span class='ocr_line' id='line_1_17' title="bbox 74 1396 860 1485; baseline 0.013 -32"><span class='ocrx_word' id='word_1_98' title='bbox 74 1396 234 1483; x_wconf 67' lang='lat' dir='ltr'>(elemento),</span> <span class='ocrx_word' id='word_1_99' title='bbox 250 1414 392 1485; x_wconf 87' lang='lat' dir='ltr'>particeps</span> <span class='ocrx_word' id='word_1_100' title='bbox 403 1413 540 1467; x_wconf 90' lang='lat' dir='ltr'>mirabilis</span> <span class='ocrx_word' id='word_1_101' title='bbox 551 1429 583 1465; x_wconf 87' lang='lat' dir='ltr'>ae</span> <span class='ocrx_word' id='word_1_102' title='bbox 593 1411 705 1465; x_wconf 90' lang='lat' dir='ltr'>divinae</span> <span class='ocrx_word' id='word_1_103' title='bbox 716 1410 860 1472; x_wconf 87' lang='lat' dir='ltr'>essentiae,</span> 
     </span>
     <span class='ocr_line' id='line_1_18' title="bbox 76 1484 880 1560; baseline 0.001 -22"><span class='ocrx_word' id='word_1_104' title='bbox 76 1484 232 1541; x_wconf 74' lang='lat' dir='ltr'>lmmutabile</span> <span class='ocrx_word' id='word_1_105' title='bbox 245 1488 403 1543; x_wconf 87' lang='lat' dir='ltr'>secundum</span> <span class='ocrx_word' id='word_1_106' title='bbox 413 1488 484 1542; x_wconf 94' lang='lat' dir='ltr'>illud</span> <span class='ocrx_word' id='word_1_107' title='bbox 495 1496 522 1542; x_wconf 93' lang='lat' dir='ltr'>et</span> <span class='ocrx_word' id='word_1_108' title='bbox 535 1487 615 1560; x_wconf 90' lang='lat' dir='ltr'>quasi</span> <span class='ocrx_word' id='word_1_109' title='bbox 629 1486 757 1541; x_wconf 91' lang='lat' dir='ltr'>similiter</span> <span class='ocrx_word' id='word_1_110' title='bbox 769 1503 800 1540; x_wconf 93' lang='lat' dir='ltr'>se</span> <span class='ocrx_word' id='word_1_111' title='bbox 812 1484 863 1539; x_wconf 92' lang='lat' dir='ltr'>ha·</span> <span class='ocrx_word' id='word_1_112' title='bbox 877 1511 880 1515; x_wconf 94' lang='lat'>·</span> 
     </span>
     <span class='ocr_line' id='line_1_19' title="bbox 77 1546 863 1635; baseline -0.001 -19"><span class='ocrx_word' id='word_1_113' title='bbox 77 1546 143 1608; x_wconf 68' lang='lat' dir='ltr'>hens-</span> <span class='ocrx_word' id='word_1_114' title='bbox 179 1562 271 1620; x_wconf 84' lang='lat' dir='ltr'>Tertia</span> <span class='ocrx_word' id='word_1_115' title='bbox 288 1582 368 1628; x_wconf 84' lang='lat' dir='ltr'>vero,</span> <span class='ocrx_word' id='word_1_116' title='bbox 389 1563 623 1635; x_wconf 86' lang='lat' dir='ltr'>quemadmodum</span> <span class='ocrx_word' id='word_1_117' title='bbox 636 1563 706 1618; x_wconf 85' lang='lat' dir='ltr'>iacta</span> <span class='ocrx_word' id='word_1_118' title='bbox 720 1570 785 1617; x_wconf 89' lang='lat' dir='ltr'>sunt</span> <span class='ocrx_word' id='word_1_119' title='bbox 795 1561 863 1616; x_wconf 94' lang='lat' dir='ltr'>sub-</span> 
     </span>
     <span class='ocr_line' id='line_1_20' title="bbox 78 1622 863 1713; baseline -0.006 -19"><span class='ocrx_word' id='word_1_120' title='bbox 78 1622 182 1713; x_wconf 78' lang='lat' dir='ltr'>lunaria,</span> <span class='ocrx_word' id='word_1_121' title='bbox 206 1656 240 1695; x_wconf 86' lang='lat' dir='ltr'>ex</span> <span class='ocrx_word' id='word_1_122' title='bbox 250 1647 371 1711; x_wconf 91' lang='lat' dir='ltr'>quatuor</span> <span class='ocrx_word' id='word_1_123' title='bbox 384 1639 527 1694; x_wconf 85' lang='lat' dir='ltr'>elementis</span> <span class='ocrx_word' id='word_1_124' title='bbox 541 1647 642 1703; x_wconf 89' lang='lat' dir='ltr'>terrae,</span> <span class='ocrx_word' id='word_1_125' title='bbox 667 1655 768 1710; x_wconf 80' lang='lat' dir='ltr'>aquae,</span> <span class='ocrx_word' id='word_1_126' title='bbox 793 1636 863 1691; x_wconf 80' lang='lat' dir='ltr'>ae&#39;ris</span> 
     </span>
     <span class='ocr_line' id='line_1_21' title="bbox 80 1707 864 1787; baseline -0.013 -13"><span class='ocrx_word' id='word_1_127' title='bbox 80 1707 102 1754; x_wconf 58' lang='grc' dir='ltr'>θ*</span> <span class='ocrx_word' id='word_1_128' title='bbox 110 1708 183 1776; x_wconf 58' lang='grc' dir='ltr'>130ὶῆ</span> <span class='ocrx_word' id='word_1_129' title='bbox 198 1715 404 1784; x_wconf 83' lang='lat' dir='ltr'>generationem</span> <span class='ocrx_word' id='word_1_130' title='bbox 415 1731 446 1768; x_wconf 91' lang='lat' dir='ltr'>ac</span> <span class='ocrx_word' id='word_1_131' title='bbox 457 1716 660 1787; x_wconf 87' lang='lat' dir='ltr'>corruptionem</span> <span class='ocrx_word' id='word_1_132' title='bbox 669 1715 774 1768; x_wconf 83' lang='lat' dir='ltr'>sortita.</span> <span class='ocrx_word' id='word_1_133' title='bbox 818 1712 864 1765; x_wconf 92' lang='lat' dir='ltr'>In-</span> 
     </span>
     <span class='ocr_line' id='line_1_22' title="bbox 82 1785 863 1862; baseline 0.015 -36"><span class='ocrx_word' id='word_1_134' title='bbox 82 1789 254 1848; x_wconf 86' lang='lat' dir='ltr'>corpcrearum</span> <span class='ocrx_word' id='word_1_135' title='bbox 271 1807 337 1862; x_wconf 85' lang='lat' dir='ltr'>ergo</span> <span class='ocrx_word' id='word_1_136' title='bbox 357 1791 527 1862; x_wconf 87' lang='lat' dir='ltr'>specierum,</span> <span class='ocrx_word' id='word_1_137' title='bbox 550 1789 655 1860; x_wconf 88' lang='lat' dir='ltr'>quibus</span> <span class='ocrx_word' id='word_1_138' title='bbox 674 1785 863 1858; x_wconf 82' lang='lat' dir='ltr'>intelligibilis</span> 
     </span>
     <span class='ocr_line' id='line_1_23' title="bbox 83 1861 865 1930; baseline 0.013 -26"><span class='ocrx_word' id='word_1_139' title='bbox 83 1861 172 1930; x_wconf 69' lang='lat' dir='ltr'>erectus</span> <span class='ocrx_word' id='word_1_140' title='bbox 185 1873 224 1918; x_wconf 89' lang='lat' dir='ltr'>est</span> <span class='ocrx_word' id='word_1_141' title='bbox 239 1865 376 1929; x_wconf 85' lang='lat' dir='ltr'>mundus,</span> <span class='ocrx_word' id='word_1_142' title='bbox 403 1882 532 1919; x_wconf 89' lang='lat' dir='ltr'>mensura</span> <span class='ocrx_word' id='word_1_143' title='bbox 547 1873 589 1918; x_wconf 88' lang='lat' dir='ltr'>est</span> <span class='ocrx_word' id='word_1_144' title='bbox 608 1862 724 1918; x_wconf 89' lang='lat' dir='ltr'>dicenda</span> <span class='ocrx_word' id='word_1_145' title='bbox 743 1862 865 1916; x_wconf 84' lang='lat' dir='ltr'>maxima</span> 
     </span>
     <span class='ocr_line' id='line_1_24' title="bbox 82 1922 864 2013; baseline 0.022 -40"><span class='ocrx_word' id='word_1_146' title='bbox 82 1922 122 1979; x_wconf 87' lang='lat' dir='ltr'>rlle</span> <span class='ocrx_word' id='word_1_147' title='bbox 131 1945 281 1996; x_wconf 86' lang='lat' dir='ltr'>causarum:</span> <span class='ocrx_word' id='word_1_148' title='bbox 303 1941 417 2013; x_wconf 88' lang='lat' dir='ltr'>quintae</span> <span class='ocrx_word' id='word_1_149' title='bbox 432 1955 498 1995; x_wconf 88' lang='lat' dir='ltr'>vero</span> <span class='ocrx_word' id='word_1_150' title='bbox 512 1939 656 1994; x_wconf 90' lang='lat' dir='ltr'>sensibilis</span> <span class='ocrx_word' id='word_1_151' title='bbox 671 1947 698 1992; x_wconf 88' lang='lat' dir='ltr'>et</span> <span class='ocrx_word' id='word_1_152' title='bbox 707 1936 864 2009; x_wconf 90' lang='lat' dir='ltr'>periodicae</span> 
     </span>
     <span class='ocr_line' id='line_1_25' title="bbox 81 2008 865 2087; baseline 0.02 -39"><span class='ocrx_word' id='word_1_153' title='bbox 81 2008 212 2076; x_wconf 74' lang='lat' dir='ltr'>esseutiae,</span> <span class='ocrx_word' id='word_1_154' title='bbox 243 2031 328 2087; x_wconf 89' lang='lat' dir='ltr'>quam</span> <span class='ocrx_word' id='word_1_155' title='bbox 340 2015 442 2070; x_wconf 48' lang='lat' dir='ltr'>¹sortita</span> <span class='ocrx_word' id='word_1_156' title='bbox 463 2023 504 2070; x_wconf 87' lang='lat' dir='ltr'>est</span> <span class='ocrx_word' id='word_1_157' title='bbox 523 2015 645 2077; x_wconf 85' lang='lat' dir='ltr'>caelum,</span> <span class='ocrx_word' id='word_1_158' title='bbox 675 2013 795 2067; x_wconf 89' lang='lat' dir='ltr'>creativa</span> <span class='ocrx_word' id='word_1_159' title='bbox 815 2010 865 2065; x_wconf 89' lang='lat' dir='ltr'>illa</span> 
     </span>
     <span class='ocr_line' id='line_1_26' title="bbox 82 2069 865 2164; baseline 0.014 -36"><span class='ocrx_word' id='word_1_160' title='bbox 82 2069 149 2160; x_wconf 77' lang='lat' dir='ltr'>bulis</span> <span class='ocrx_word' id='word_1_161' title='bbox 157 2085 254 2155; x_wconf 83' lang='lat' dir='ltr'>virtus,</span> <span class='ocrx_word' id='word_1_162' title='bbox 276 2091 408 2162; x_wconf 89' lang='lat' dir='ltr'>quoniam</span> <span class='ocrx_word' id='word_1_163' title='bbox 425 2087 461 2164; x_wconf 69' lang='grc' dir='ltr'>[Ἴ</span> <span class='ocrx_word' id='word_1_164' title='bbox 477 2107 562 2160; x_wconf 88' lang='lat' dir='ltr'>purae</span> <span class='ocrx_word' id='word_1_165' title='bbox 577 2106 609 2142; x_wconf 90' lang='lat' dir='ltr'>ac</span> <span class='ocrx_word' id='word_1_166' title='bbox 622 2105 712 2142; x_wconf 87' lang='lat' dir='ltr'>merae</span> <span class='ocrx_word' id='word_1_167' title='bbox 727 2088 865 2158; x_wconf 89' lang='lat' dir='ltr'>particeps</span> 
     </span>
     <span class='ocr_line' id='line_1_27' title="bbox 83 2143 866 2235; baseline 0.001 -21"><span class='ocrx_word' id='word_1_168' title='bbox 83 2143 511 2232; x_wconf 60' lang='lat' dir='ltr'>futheneficenciaeinmortalis,</span> <span class='ocrx_word' id='word_1_169' title='bbox 532 2165 688 2235; x_wconf 88' lang='lat' dir='ltr'>incorrupta</span> <span class='ocrx_word' id='word_1_170' title='bbox 698 2171 775 2234; x_wconf 87' lang='lat' dir='ltr'>parte</span> <span class='ocrx_word' id='word_1_171' title='bbox 784 2178 866 2234; x_wconf 86' lang='lat' dir='ltr'>prae·</span> 
     </span>
     <span class='ocr_line' id='line_1_28' title="bbox 85 2219 865 2310; baseline -0.003 -19"><span class='ocrx_word' id='word_1_172' title='bbox 85 2219 171 2299; x_wconf 75' lang='lat' dir='ltr'>ditum3</span> <span class='ocrx_word' id='word_1_173' title='bbox 196 2239 395 2295; x_wconf 88' lang='lat' dir='ltr'>sublunaribus</span> <span class='ocrx_word' id='word_1_174' title='bbox 417 2248 506 2294; x_wconf 91' lang='lat' dir='ltr'>autem</span> <span class='ocrx_word' id='word_1_175' title='bbox 526 2241 603 2310; x_wconf 77' lang='lat' dir='ltr'>regia</span> <span class='ocrx_word' id='word_1_176' title='bbox 620 2241 723 2302; x_wconf 88' lang='lat' dir='ltr'>virtus,</span> <span class='ocrx_word' id='word_1_177' title='bbox 744 2234 865 2308; x_wconf 90' lang='lat' dir='ltr'>eoquod</span> 
     </span>
     <span class='ocr_line' id='line_1_29' title="bbox 87 2307 864 2386; baseline 0.008 -28"><span class='ocrx_word' id='word_1_178' title='bbox 87 2307 210 2366; x_wconf 78' lang='lat' dir='ltr'>mutationi</span> <span class='ocrx_word' id='word_1_179' title='bbox 221 2314 436 2379; x_wconf 63' lang='lat' dir='ltr'>subneximus,</span> <span class='ocrx_word' id='word_1_180' title='bbox 453 2315 650 2386; x_wconf 84' lang='lat' dir='ltr'>participantes</span> <span class='ocrx_word' id='word_1_181' title='bbox 661 2313 864 2386; x_wconf 82' lang='lat' dir='ltr'>generationem</span> 
     </span>
     <span class='ocr_line' id='line_1_30' title="bbox 87 2378 866 2462; baseline -0.003 -23"><span class='ocrx_word' id='word_1_182' title='bbox 87 2378 109 2424; x_wconf 65' lang='lat' dir='ltr'>ll</span> <span class='ocrx_word' id='word_1_183' title='bbox 124 2390 325 2462; x_wconf 66' lang='lat' dir='ltr'>⁰9rruptionem.</span> <span class='ocrx_word' id='word_1_184' title='bbox 369 2389 492 2445; x_wconf 88' lang='lat' dir='ltr'>Verbum</span> <span class='ocrx_word' id='word_1_185' title='bbox 509 2405 575 2443; x_wconf 88' lang='lat' dir='ltr'>vero</span> <span class='ocrx_word' id='word_1_186' title='bbox 596 2391 701 2443; x_wconf 86' lang='lat' dir='ltr'>certum</span> <span class='ocrx_word' id='word_1_187' title='bbox 721 2385 866 2460; x_wconf 79' lang='lat' dir='ltr'>regiminis</span> 
     </span>
     <span class='ocr_line' id='line_1_31' title="bbox 89 2453 865 2534; baseline 0.012 -32"><span class='ocrx_word' id='word_1_188' title='bbox 89 2453 205 2515; x_wconf 74' lang='lat' dir='ltr'>auxilium</span> <span class='ocrx_word' id='word_1_189' title='bbox 214 2463 327 2534; x_wconf 87' lang='lat' dir='ltr'>praebet</span> <span class='ocrx_word' id='word_1_190' title='bbox 336 2466 366 2519; x_wconf 89' lang='lat' dir='ltr'>in</span> <span class='ocrx_word' id='word_1_191' title='bbox 377 2463 512 2519; x_wconf 85' lang='lat' dir='ltr'>faciendis</span> <span class='ocrx_word' id='word_1_192' title='bbox 523 2464 616 2527; x_wconf 89' lang='lat' dir='ltr'>rebus,</span> <span class='ocrx_word' id='word_1_193' title='bbox 629 2463 746 2533; x_wconf 90' lang='lat' dir='ltr'>illisqui</span> <span class='ocrx_word' id='word_1_194' title='bbox 757 2457 865 2530; x_wconf 88' lang='lat' dir='ltr'>aliquid</span> 
     </span>
    </p>
   </div>
   <div class='ocr_carea' id='block_1_5' title="bbox 89 2532 867 2648">
    <p class='ocr_par' dir='ltr' id='par_1_5' title="bbox 89 2532 867 2648">
     <span class='ocr_line' id='line_1_32' title="bbox 89 2532 867 2611; baseline -0.024 -9"><span class='ocrx_word' id='word_1_195' title='bbox 89 2532 441 2610; x_wconf 67' lang='lat' dir='ltr'>peraHllntpersolvuntque:</span> <span class='ocrx_word' id='word_1_196' title='bbox 462 2539 644 2611; x_wconf 86' lang='lat' dir='ltr'>peccantibus</span> <span class='ocrx_word' id='word_1_197' title='bbox 654 2545 745 2592; x_wconf 85' lang='lat' dir='ltr'>autem</span> <span class='ocrx_word' id='word_1_198' title='bbox 759 2534 867 2602; x_wconf 91' lang='lat' dir='ltr'>aliqua·</span> 
     </span>
     <span class='ocr_line' id='line_1_33' title="bbox 90 2615 279 2648; baseline -0.021 3"><span class='ocrx_word' id='word_1_199' title='bbox 90 2615 279 2648; x_wconf 35' lang='lat' dir='ltr'>N..</span> 
     </span>
    </p>
   </div>
   <div class='ocr_carea' id='block_1_6' title="bbox 93 2667 867 2770">
    <p class='ocr_par' dir='ltr' id='par_1_6' title="bbox 93 2667 867 2770">
     <span class='ocr_line' id='line_1_34' title="bbox 93 2667 867 2764; baseline -0.006 -52"><span class='ocrx_word' id='word_1_200' title='bbox 93 2667 152 2755; x_wconf 35' lang='lat' dir='ltr'>aba)</span> <span class='ocrx_word' id='word_1_201' title='bbox 169 2683 187 2764; x_wconf 63' lang='lat' dir='ltr'>q.</span> <span class='ocrx_word' id='word_1_202' title='bbox 204 2679 264 2718; x_wconf 74' lang='lat' dir='ltr'>turta</span> <span class='ocrx_word' id='word_1_203' title='bbox 283 2691 354 2721; x_wconf 70' lang='lat' dir='ltr'>amon</span> <span class='ocrx_word' id='word_1_204' title='bbox 375 2691 420 2726; x_wconf 79' lang='lat' dir='ltr'>ene,</span> <span class='ocrx_word' id='word_1_205' title='bbox 444 2687 465 2720; x_wconf 66' lang='lat' dir='ltr'>s:</span> <span class='ocrx_word' id='word_1_206' title='bbox 485 2681 597 2719; x_wconf 78' lang='lat' dir='ltr'>secandune</span> <span class='ocrx_word' id='word_1_207' title='bbox 610 2679 643 2722; x_wconf 79' lang='lat' dir='ltr'>id,</span> <span class='ocrx_word' id='word_1_208' title='bbox 666 2675 722 2723; x_wconf 79' lang='lat' dir='ltr'>qaod</span> <span class='ocrx_word' id='word_1_209' title='bbox 739 2681 785 2710; x_wconf 79' lang='lat' dir='ltr'>vere</span> <span class='ocrx_word' id='word_1_210' title='bbox 807 2671 867 2709; x_wconf 73' lang='lat' dir='ltr'>trinis</span> 
     </span>
     <span class='ocr_line' id='line_1_35' title="bbox 142 2730 275 2770; baseline 0.015 -2"><span class='ocrx_word' id='word_1_211' title='bbox 142 2744 147 2757; x_wconf 91' lang='lat'><em>·</em></span> <span class='ocrx_word' id='word_1_212' title='bbox 191 2730 275 2770; x_wconf 82' lang='lat' dir='ltr'>acher.</span> 
     </span>
    </p>
   </div>
   <div class='ocr_carea' id='block_1_7' title="bbox 0 0 1037 3100">
    <p class='ocr_par' dir='ltr' id='par_1_7' title="bbox 0 0 1037 3100">
     <span class='ocr_line' id='line_1_36' title="bbox 0 0 1037 3100; baseline 0 0"><span class='ocrx_word' id='word_1_213' title='bbox 0 0 1037 3100; x_wconf 95' lang='lat' dir='ltr'> </span> 
     </span>
    </p>
   </div>
  </div>
 </body>
</html>
