2050 3100
4 149 5 154 ¹
66 123 186 191 [Π,366.]
251 128 291 171 ΙΝ
310 128 633 173 GENESIN.SERMO
653 126 695 173 Ν.
825 124 868 175 l8l

4 281 5 284 ,
66 230 125 284 bile
135 237 164 283 et
175 227 300 283 tenebris
314 227 415 281 simile.
454 226 587 293 Quartum
603 243 667 281 vero
682 228 868 293 verissimum,

67 304 143 376 quod
153 308 241 357 maior
254 307 347 357 serviet
358 308 467 357 minmi:
495 301 635 373 siquidem
648 310 770 373 tempore
784 305 871 358 maior

67 388 109 433 est
123 378 247 440 malitia,
270 394 285 431 a
298 378 388 447 prima
401 384 488 431 aetate
502 384 593 431 nostra
611 376 755 431 nobiscum
775 377 870 448 pullu-

68 453 145 517 lans,
166 453 257 507 virtus
272 458 363 505 autem
377 452 479 515 minor,
500 468 580 523 aegre
595 458 733 521 postremo
745 452 805 506 loco
814 459 870 506 tar-

67 527 192 597 diusque
202 526 337 596 acquisita
347 527 376 579 in
386 526 480 589 nobis,
501 533 647 597 postquam
661 526 791 580 vitiorum
806 526 870 580 inli-

68 603 143 656 nitae
164 600 404 655 immoderationes
423 601 482 654 vim
501 616 580 656 suam
593 599 771 654 intenderunt
785 609 811 655 et
826 618 870 655 rc·

67 678 220 743 miserunt,
252 683 318 730 tunc
332 676 406 729 enim
420 674 545 729 iudicare
559 691 755 745 secernereque
771 676 869 747 incipit

67 768 149 806 mens
164 758 191 804 et
204 750 391 821 principatum
405 756 507 803 tenere.
547 750 618 803 llaec
634 756 724 803 autem
739 749 869 804 dicuntur

67 824 163 897 quoad
176 841 240 879 nos:
271 824 394 894 alioquin
408 825 472 895 quis
487 824 588 887 nescit,
610 824 684 895 quod
697 823 804 878 caelum
815 825 869 877 irn-

68 917 154 955 mune
168 907 196 954 et
210 915 309 969 expers
324 907 366 952 est
379 898 515 961 malitiae,
537 899 609 952 siout
623 900 708 969 etqui
721 900 793 953 circa
804 916 868 953 eum

69 982 190 1048 aguntur
208 973 356 1028 sensibiles
371 972 411 1026 dii
425 972 591 1045 (nominati):
625 974 756 1043 quoniam
772 989 867 1027 omnes

68 1050 136 1105 boni
156 1056 221 1103 sunt
235 1056 262 1102 et
274 1050 386 1102 omnino
399 1048 429 1101 in
443 1047 540 1102 ordine
553 1048 665 1101 virtutis
679 1045 865 1117 perfectiores.

67 1127 99 1179 ln
108 1122 215 1178 mundo
225 1130 316 1177 autem
327 1123 412 1177 maior
421 1129 462 1176 est
471 1130 537 1176 natu
552 1122 685 1176 sobrietas
699 1136 782 1190 quam
798 1122 868 1174 insi·

67 1200 183 1271 pientia,
197 1207 223 1252 et
232 1195 380 1269 prudentia
389 1213 472 1268 quam
482 1196 677 1268 imprudentia,
690 1202 770 1265 atque
782 1195 868 1248 maior

68 1274 265 1343 iustitiaquam
273 1270 309 1346 [Ἴ
317 1272 453 1326 iniustitia
462 1279 623 1343 caeteraque
634 1287 669 1325 ex
678 1268 797 1341 singulis
809 1268 868 1322 dis-

68 1347 255 1420 positionibus
270 1347 414 1417 oppositis.
453 1345 580 1401 Attamen
594 1346 624 1399 in
638 1361 738 1417 genere
747 1344 867 1398 humano

69 1422 238 1477 contrarium
251 1420 383 1493 obtingit,
405 1421 472 1491 quia
485 1420 603 1485 bonum,
625 1418 674 1493 (ut)
685 1420 739 1474 iam
750 1418 864 1482 dictum,

69 1506 136 1554 natu
145 1498 239 1552 minus
250 1503 277 1551 ct
285 1504 452 1568 postremum
463 1503 518 1560 est,
538 1495 694 1567 oppositum
709 1502 799 1550 autem
810 1493 867 1550 fere

68 1822 198 1878 millima.
237 1820 337 1888 Quarta
356 1819 552 1883 consideratio,
577 1817 651 1888 quod
669 1823 754 1872 molor
771 1823 868 1872 aercict

70 1902 179 1952 minora:
208 1897 356 1952 inveterata
376 1903 418 1950 est
435 1895 510 1949 enim
524 1893 642 1956 malitia,
663 1909 733 1964 quae
749 1892 868 1963 aprima

70 1980 157 2028 aetate
170 1971 320 2026 concrevit.
358 1968 548 2024 Benivolentia
561 1983 626 2023 vcro
640 1967 781 2030 iuvenior,
801 1967 867 2036 quia

69 2049 99 2101 in
117 2045 272 2102 novissimo
291 2045 378 2100 oritur
398 2053 534 2115 tempore,
569 2041 713 2096 deficiente
736 2041 868 2095 vitiorum

69 2120 203 2193 pondere.
256 2121 333 2174 Tunc
355 2119 430 2174 enim
453 2117 554 2188 incipit
575 2115 745 2188 perpendere
770 2130 868 2169 sensus

69 2196 259 2267 principatum
272 2194 424 2249 meliorem.
462 2195 535 2247 llaec
545 2199 636 2246 tamen
645 2207 694 2261 pro
704 2189 784 2244 nobis
795 2188 867 2244 dicta

70 2278 145 2325 sunt.
185 2269 253 2336 Quis
269 2269 343 2323 enim
357 2268 462 2322 nesciat
474 2267 581 2322 coelum
596 2265 701 2321 nullius
717 2264 783 2318 mali
793 2279 868 2318 com-

70 2353 178 2416 potem,
199 2352 227 2398 et
240 2344 288 2415 qui
302 2351 442 2397 morantur
451 2343 481 2396 in
492 2359 524 2396 eo
535 2341 625 2414 angeli
636 2357 730 2395 omnes
740 2337 820 2400 boni,
842 2345 869 2390 et

71 2422 100 2473 in
117 2418 250 2474 omnibus
269 2417 431 2491 necessariis
448 2413 661 2488 perfectissimi?
688 2416 719 2467 ln
734 2409 868 2464 mundum

71 2501 164 2548 autem
178 2493 316 2562 antiquior
330 2491 490 2565 prudentia,
512 2497 539 2546 et
554 2487 698 2546 vetustiori
714 2483 868 2553 iniquitatis

72 2585 103 2620 ac
116 2566 308 2639 insipientiam
340 2567 512 2637 aliarumque
522 2565 655 2619 virtutum
666 2558 800 2629 sapientia
810 2556 869 2608 sin-

72 2642 169 2715 gulae:
191 2642 228 2696 ita
238 2641 269 2696 in
278 2657 378 2715 genere
392 2641 513 2698 humano
524 2635 683 2695 econtrario
698 2631 800 2685 babent
813 2630 868 2682 sui.
