2050 3100
159 278 206 331 tit
380 282 566 329 rrrruours
586 280 722 328 runnur
745 318 754 321 -
859 275 957 343 [natta

210 388 236 440 2.
269 386 475 439 Lrsruacnos.
507 380 659 454 Equidem,
681 396 697 435 o
715 391 851 437 venerate
870 382 956 445 Philo,

156 477 242 515 unum
252 468 293 514 est
303 458 378 514 istud
390 461 474 512 trium
487 457 613 519 illorum,
634 472 752 527 quorum
768 458 959 529 inspectiones

157 536 351 590 convincentes
363 532 499 596 efficiunt,
525 541 556 587 ut
575 530 683 587 auditor
696 530 799 586 iterum
816 535 916 588 veniat
929 531 958 587 ad

157 628 234 672 eum,
254 610 303 681 qui
314 608 453 663 locuturus
464 616 515 661 est.
557 604 593 680 [i]
611 605 773 660 Avunculus
789 609 871 662 enim
882 618 959 663 estac
1003 616 1004 621 ’

156 684 239 738 simul
250 700 339 738 socer:
357 685 487 754 quoniam
497 698 551 735 non
563 698 592 735 es
602 682 725 745 nescius,
740 680 818 753 quod
829 682 893 737 fiiia
904 684 958 737 eius

156 758 226 811 mihi
251 758 327 812 iuxta
346 775 424 812 suam
448 758 530 811 etiam
554 756 764 827 promissionem
791 756 958 829 desponsata

155 849 224 886 uxor
238 840 288 885 est.
327 832 466 886 Dictorum
481 847 546 889 vero
560 828 709 885 recordatio
724 830 844 886 moiesta
866 848 899 887 ao
919 834 958 887 in-

155 915 227 964 certa
236 906 288 961 erit
297 908 336 970 ei,
352 908 465 977 quinon
475 906 635 961 estcmnino
645 914 795 960 consuetus
805 906 854 961 his
866 907 956 967 rebus,

155 982 274 1036 maxime
285 982 356 1036 circa
371 980 484 1035 arduam
494 981 696 1051 quaestionem,
718 979 800 1035 cuius
815 982 958 1037 evidentia

155 1055 328 1111 certitudinis
340 1056 433 1111 iumen
442 1056 508 1110 oriri
518 1054 643 1118 iecisset,
656 1056 680 1109 si
691 1056 792 1129 agitata
804 1055 925 1121 fuisset,
936 1066 959 1111 et

155 1133 234 1205 quasi
246 1132 457 1186 circumversata
466 1138 497 1185 ut
506 1131 724 1202 imprimeretur,
741 1146 797 1185 non
806 1132 959 1203 superficie
1003 1140 1004 1211 i

154 1217 234 1262 tenus
245 1205 381 1279 audita*).
1003 1214 1004 1289 i

210 1320 236 1371 3.
253 1316 357 1370 ano.
378 1316 476 1387 Magne
487 1331 531 1368 res
542 1323 614 1369 certe
625 1323 665 1370 est
675 1314 842 1386 magistrum
855 1332 958 1379 amare,

155 1394 191 1446 iis
200 1392 250 1463 qui
260 1391 356 1445 audire
370 1390 496 1461 cupiunt.
536 1390 662 1445 Attamen
672 1388 851 1461 adoptimum
863 1390 961 1446 erudi-

154 1468 257 1521 tionem
272 1466 342 1520 nihil
357 1464 433 1519 aiiud
452 1466 490 1519 ita
509 1465 615 1519 auxilio
634 1481 693 1519 esse
712 1464 838 1527 videtur,
874 1482 960 1537 quam

154 1551 308 1598 constanter
317 1541 388 1596 scire
398 1559 443 1604 ea,
455 1556 527 1610 quae
538 1542 667 1614 magister
676 1538 864 1614 suggerit**).
904 1541 960 1608 Qui

153 1619 176 1688 si
189 1618 322 1672 veraciter
332 1616 446 1672 edocere
456 1616 563 1687 cupiat,
586 1615 660 1670 haud
671 1613 704 1670 ab
715 1615 814 1669 alienis
824 1618 909 1672 curis
921 1627 963 1672 at-

153 1691 225 1746 trahi
234 1708 264 1745 se
274 1693 414 1762 permittet
424 1693 455 1746 in
464 1692 681 1762 occupationem.
711 1689 859 1756 utemini,
871 1709 963 1764 quae-

153 1784 197 1830 so,
214 1783 249 1823 an
259 1767 288 1820 in
298 1767 401 1822 alienas
413 1767 477 1840 quis
486 1765 649 1822 distrahitur
658 1783 715 1830 res,
732 1763 847 1820 fratrem
858 1784 964 1839 quem·

153 1841 216 1896 dam
241 1841 388 1898 laetificere
412 1842 523 1906 volens,
554 1858 585 1896 ac
605 1842 664 1896 sine
687 1839 829 1912 impendio
854 1859 963 1914 parans

153 1917 300 1972 verborum
310 1919 471 1973 convivium
481 1915 672 1972 auditoribus?
681 1914 716 1970 At
726 1923 755 1970 tu
766 1914 888 1973 fortasse
898 1936 964 1974 eam

152 1991 188 2045 ob
199 2007 324 2057 causam,
345 2010 379 2047 ne
394 1992 506 2048 videare
521 1990 602 2047 facile
614 2008 684 2062 opus
693 2007 825 2064 peragere
836 1993 965 2050 similis·

152 2082 207 2138 que
218 2083 278 2122 esse
288 2069 339 2131 iis,
360 2068 408 2139 qui
423 2077 548 2139 prompte
561 2068 677 2140 gratiam
686 2067 838 2138 proiiciunt
850 2067 882 2122 in
894 2085 965 2124 con-

152 2150 291 2214 spectum:
307 2142 370 2197 ideo
379 2159 477 2216 gressu
487 2153 590 2198 remoto
601 2141 963 2214 recedis,'supplioationes

152 2219 274 2290 rogantis
285 2218 401 2272 maiores
414 2226 590 2289 exspectans,
606 2218 686 2290 quasi
697 2215 828 2290 precihus
841 2218 963 2276 demum

153 2293 264 2347 nonnisi
274 2309 354 2364 aegre
365 2309 479 2346 annuas.

209 2420 234 2472 i.
255 2418 460 2473 Lrsruacnus.
479 2417 693 2490 Occupationes‚
713 2417 832 2481 ophilo,
862 2437 899 2474 en
918 2439 964 2476 ra-

152 2494 241 2546 tiones
251 2509 305 2546 non
314 2491 388 2546 sinti
406 2493 465 2548 Non
476 2510 506 2547 es
517 2494 590 2548 enim
601 2493 726 2558 nescius,
745 2500 813 2564 quot
822 2505 963 2568 cognato·

152 2589 362 2601 ..ι-υ*

203 2630 224 2674 *i
243 2629 310 2668 ‘rotun
323 2631 424 2670 introitus
437 2632 503 2670 huius
516 2632 595 2680 dialogi
608 2632 761 2672 obscuritatem
774 2633 867 2674 nimiam
881 2637 964 2678 habet:

151 2677 338 2766 ξῖξὲἰιὶΔΙέῖτὲἷεε
357 2681 444 2719 aliunde
462 2685 553 2730 possunt
573 2683 737 2723 declarationem
754 2684 849 2733 aliquam
869 2688 966 2729 adinve-

201 2773 235 2818 “)
255 2784 273 2812 s.
286 2777 329 2814 levi
342 2780 459 2818 mutatione
473 2780 536 2821 nnius
550 2781 643 2822 litterae:
664 2786 770 2826 attendere
781 2786 914 2833 mactum
930 2801 965 2834 ea,

150 2827 204 2862 tuoe
220 2823 263 2858 vult
279 2833 396 2871 cooperare.
427 2829 507 2867 Aaron.
