2050 3100
173 142 205 192 98
305 142 401 187 euru.
416 141 489 186 run.
506 138 668 195 Qususr.
682 138 731 182 ur
750 138 827 181 son.
863 131 989 198 [narn]

173 244 348 304 divitiarum,
370 241 504 295 honorum
516 247 543 293 et
553 238 742 293 consimilium
752 246 830 303 suut,
852 240 923 292 etin
936 258 988 293 sa-

173 320 271 381 nitate,
292 316 401 379 robore,
422 323 448 369 et
461 315 558 386 vigore
572 314 694 384 corporis
710 314 795 368 vitam
806 322 909 386 agunt,
931 331 987 385 per

124 396 144 437 θ
172 407 322 462 omnesque
345 406 443 444 sensus
466 389 635 459 voluptatem
655 388 814 461 coagulapt.
845 396 985 459 putantes

172 485 202 523 se
223 466 363 537 propriam
385 463 546 523 felicitatem
572 464 710 535 attigisse,
744 464 983 535 permutationem

173 542 229 597 lore
245 542 293 595 vix
306 547 478 610 exspectant,
500 538 550 593 sed
560 538 637 601 illos,
658 538 709 608 qui
723 536 859 601 dixerint,
882 540 982 593 omnia

172 633 243 688 quae
261 616 332 669 intra
351 622 377 668 et
396 621 472 669 extra
492 630 592 684 eorpus
609 622 689 676 sunt,
714 612 845 667 damnosa
863 630 929 667 esse
947 631 982 667 ac

173 692 266 747 brevis
282 689 426 759 temporis,
448 687 576 743 irrident.
613 687 761 753 Quisnam,
782 689 874 743 Persis
883 688 980 743 domi-

172 764 302 821 nantibus
317 773 404 817 terrae
420 771 446 819 et
455 764 539 826 mari,
561 762 689 833 sperabat
699 779 746 816 eos
756 762 886 817 casuros?
904 764 979 833 quid

172 850 198 895 et
220 838 417 895 Macedonibus
441 838 539 893 itidem
561 836 737 892 valenubus‘?
766 837 845 904 Quod
863 839 890 891 si
909 840 979 908 quis

172 932 256 969 ausus
272 913 325 969 luit
339 913 444 977 dicere,
465 915 578 968 omnino
592 914 666 967 sicut
679 912 771 967 latuus
784 921 867 983 atque
878 930 977 967 amens

172 991 266 1046 irrisui
285 988 350 1045 tuit.
390 990 450 1045 Non
470 990 563 1045 minus
581 996 608 1043 et
625 989 768 1059 oppositas
787 988 845 1042 illis
864 997 974 1064 gentes,

171 1082 241 1135 quae
257 1066 360 1119 interea
376 1064 530 1127 clarebant,
556 1063 739 1117 neeessariam
758 1061 976 1125 demutationem

171 1141 293 1211 subiisse
308 1140 405 1211 liquet.
432 1142 484 1195 ‚lta
499 1147 530 1195 ut
544 1139 670 1193 irrisores
685 1138 760 1208 ipsos
773 1138 821 1193 alii
832 1139 975 1209 coeperint

171 1214 286 1271 irridere
292 1214 332 1289 *),
355 1223 382 1269 et
394 1216 469 1269 irrisi
481 1214 584 1269 luerint
595 1213 733 1276 irrisores,
754 1230 843 1283 quum
857 1213 974 1269 mobilia

171 1290 372 1361 mutabilisque
388 1308 423 1345 ex
438 1298 535 1345 natura
576 1285 612 1361 [Ἴ
635 1288 819 1343 immutabilia
841 1305 873 1342 ac
891 1289 974 1343 inva-

170 1365 281 1419 riabilis
292 1382 352 1419 esse
366 1365 534 1434 putaverint.

226 1586 306 1644 Quare
321 1587 402 1650 anyet'
414 1587 559 1636 conturbatis
571 1586 617 1635 illie
634 1596 755 1636 tenuerunt
769 1604 861 1637 manum
873 1586 920 1636 Lot

264 1664 286 1703 et
302 1654 382 1704 uxon's
397 1671 427 1704 oc
440 1654 541 1704 duarum
550 1653 660 1715 filiorum
676 1656 740 1704 aare
761 1656 879 1716 (19,16.)

226 1793 267 1843 ll.
290 1789 369 1844 Certa
383 1789 518 1843 securitas
536 1789 598 1843 data
616 1791 669 1854 eis,
696 1806 765 1860 quos
781 1787 970 1861 apprehende-

170 1873 248 1927 runt,
275 1880 329 1918 non
349 1864 439 1918 solum
457 1863 609 1918 confortare
624 1882 670 1919 eos
688 1864 798 1930 debuit,
824 1863 969 1918 sedetiam

170 1936 341 2009 impediebat
351 1947 480 1993 eventum
491 1939 640 1994 malorum:
660 1941 806 2011 quoniam,
826 1941 970 1995 sicutver-

171 2013 207 2067 bo
227 2013 345 2067 naturali
368 2014 497 2068 animalia
518 2013 689 2078 detinentur,
715 2015 757 2068 sio
777 2016 859 2069 etiam
880 2015 970 2068 luani-

89 2137 95 2146 ,
173 2088 276 2141 mantia
301 2097 430 2143 verentur
453 2089 572 2143 verbum
595 2087 764 2153 divinitatis,
798 2091 889 2144 itaut
915 2107 968 2144 non

171 2160 280 2216 laedant
300 2162 449 2218 adstantes.
489 2165 591 2218 Littera
611 2164 674 2217 talis
689 2173 740 2218 est.
784 2164 827 2219 Ad
852 2173 968 2219 mentem

171 2253 249 2299 vero,
272 2239 379 2292 animae
394 2255 465 2308 quae
480 2235 623 2292 ducuntur'
634 2239 720 2292 saeris
734 2239 841 2302 verbis,
868 2240 967 2294 salvari

169 2319 299 2381 possunt,
333 2312 506 2366 ‘solummodo
530 2313 768 2384 apprehendentes
790 2322 899 2368 teneant
920 2331 963 2379 eaf,

171 2385 239 2439 alias
254 2386 410 2441 disiunctae
424 2405 455 2442 ao
470 2396 610 2459 separatae
623 2389 653 2442 in
662 2388 734 2459 ipsis
744 2405 809 2442 cum
819 2389 880 2443 aliis
890 2388 967 2442 subi—

170 2468 269 2532 gentur
279 2461 491 2518 calamitatibus

222 2636 243 2682 *)
257 2647 275 2674 s.
289 2637 317 2684 (ιὶ
329 2635 485 2676 Helleulsmum
496 2634 632 2683 usurpaverit
645 2634 759 2680 interpres)
772 2634 806 2673 Ito
818 2639 840 2674 ut
853 2636 901 2682 ipsi,
915 2645 964 2682 quos

170 2686 292 2731 eniserunt,
307 2687 463 2734 temptantium
473 2687 570 2726 irridere.
596 2682 680 2720 Auen.
