2050 3100
186 183 236 237 tta
411 183 597 231 rurnours
615 184 752 231 mnam
868 177 915 244 [11,
929 181 997 245 sac]

186 278 292 342 hcllum
306 288 382 341 enim
396 285 570 341 committunt
588 300 642 339 uon
663 285 746 339 armis
764 300 854 355 nequa
875 284 996 341 hcroica

186 362 331 425 virilitate.
351 360 402 416 sed
416 370 458 415 est
470 361 532 415 eius
548 360 641 415 vultus
651 376 738 424 arma,
760 359 874 432 gladius
883 378 995 423 sermo.

115 499 120 515 Ι
187 436 308 491 adulatio
322 444 349 490 et
363 435 515 491 blanditiae
526 433 648 491 flamma:
668 434 744 506 quod
754 435 996 507 auteminopina-

186 521 245 565 tum
258 526 324 582 prae
337 510 466 565 omnibus
480 518 535 573 cst¹
557 511 686 573 vincunt,
708 526 795 580 quum
808 526 912 581 pacem
926 528 993 565 cum

186 588 222 639 iis
232 586 346 639 inimus.
385 584 464 651 Quod
474 586 499 638 si
509 596 620 639 rursum
632 600 711 656 aegre
722 602 767 639 eas
778 584 917 649 ieramus,
940 588 993 640 itc-

186 676 247 715 rum
261 661 413 727 vincimus3
435 660 480 713 sin
495 668 587 714 autem
601 659 724 731 placidas
740 674 771 713 oc
784 666 879 731 gratas
890 658 992 715 existi-

185 752 306 804 memus,
331 735 531 789 convincimur.
570 736 688 790 Maximo
702 734 829 805 quidem,
849 730 923 806 quia
940 737 990 789 etsi

187 810 262 865 omni
272 809 326 864 telo
336 809 486 866 volociores
497 811 553 863 sint
560 808 594 863 ad
605 809 806 864 vulnerandum
815 824 887 873 ‚non
897 818 987 865 tamon

186 886 324 940 nolentem
337 892 453 957 possunt
466 884 561 951 feriro3
589 900 665 939 cassa
680 885 754 939 enim
769 889 795 938 et
804 884 902 939 inania
914 902 988 940 com·

186 962 332 1032 periuntur
348 976 443 1015 earnm
460 959 529 1022 teia,
555 960 579 1013 si
599 976 653 1013 non
665 976 833 1014 moveamus
850 959 890 1014 de
908 961 986 1015 nobis

185 1037 255 1108 ipsis
265 1036 460 1107 irritemusquc
470 1050 517 1089 eas
527 1048 680 1105 supernos.
710 1033 871 1101 Quomodo?
891 1036 988 1089 Venit·

186 1129 221 1165 ne
231 1113 446 1183 inconspectum
455 1109 600 1164 muliebris
611 1110 705 1163 vuitus
715 1106 860 1181 fulgidus?
881 1110 987 1164 Instru-

186 1194 310 1241 mentum
324 1186 392 1241 beili
406 1200 526 1239 vacuum
542 1192 583 1239 est
597 1184 662 1249 ista,
675 1199 761 1255 quum
772 1185 855 1251 iacet;
871 1185 897 1239 si
908 1202 986 1256 praa-

186 1270 274 1316 tcreas
289 1278 348 1316 eam
362 1260 549 1333 simpliciter‚·
560 1260 694 1314 transiisti
713 1258 921 1322 invulneratum
945 1262 986 1313 sin

187 1346 276 1391 sutem
288 1338 426 1407 impingas
436 1345 464 1390 et
472 1336 563 1407 erigas
573 1334 682 1389 vultum
692 1335 722 1388 in
732 1334 855 1397 vultum,
874 1342 902 1389 et
917 1334 986 1389 facie

186 1410 285 1465 faciem
296 1411 386 1483 (velis)
398 1427 528 1482 superare
539 1409 678 1473 mulieris,
698 1424 736 1463 ex
748 1408 868 1463 adverso
878 1418 986 1464 contra-

186 1486 241 1539 rias
251 1485 367 1540 insidias
377 1485 556 1560 (tihi)parssti
567 1486 627 1539 eius
637 1484 834 1552 intensionem
846 1483 899 1538 illa
908 1500 985 1538 nam·

185 1577 240 1629 quc
255 1563 338 1614 armis
353 1563 468 1616 vincens
482 1563 511 1616 in
525 1577 572 1616 cor
589 1576 672 1614 suum
686 1568 803 1615 tractum
818 1559 864 1630 (tc)
881 1559 985 1630 fixit*).
1009 1530 1010 1604 i

187 1633 233 1688 Sic
243 1635 337 1705 itaque
347 1653 422 1690 arma
431 1651 518 1691 vacua
529 1645 556 1691 et
566 1637 662 1690 inanes
673 1635 759 1708 gladii
770 1642 843 1698 sunt,
855 1642 941 1690 etuos
950 1632 985 1710 [Ἴ
1009 1621 1010 1660 ¹

186 1725 352 1780 usurpamus
362 1725 395 1763 eu
404 1718 496 1764 contra
506 1727 556 1765 nos
567 1711 656 1781 ipsos,
672 1711 744 1766 ultro
756 1710 796 1764 eis
806 1707 911 1802 induti.

241 1835 284 1886 35.
303 1833 394 1886 Nemo
408 1841 500 1886 autem
512 1849 549 1912 px
563 1835 737 1892 auditoribus
755 1835 862 1890 incuset
881 1835 988 1906 impro-

185 1906 268 1970 bans,
289 1907 333 1962 vel
347 1908 428 1979 quasi
435 1907 613 1980 ignorantem
624 1919 724 1966 memet
733 1911 839 1981 ipsum,
859 1909 906 1963 vel
921 1910 987 1980 plus

186 1997 273 2052 aequo
288 1990 471 2054 arrogantem
494 2001 545 2038 nec
560 1986 634 2040 enim
648 1994 679 2040 ut
694 1985 838 2055 Sampsoni
852 1983 987 2054 prodesse

186 2056 300 2120 vellem,
321 2073 412 2128 neque
425 2066 457 2112 ut
466 2060 536 2112 meis
547 2060 640 2115 vorbis
650 2077 747 2115 sanum
756 2056 901 2114 ostendam
909 2059 987 2114 insa-

186 2148 266 2195 num,
282 2133 311 2186 in
322 2131 367 2186 his
377 2150 481 2189 moram
491 2134 559 2204 feci3
580 2135 628 2188 sed
639 2138 774 2206 primum,
791 2140 821 2187 ut
832 2134 986 2189 accusatio-

186 2223 249 2262 nem
259 2207 294 2262 dc
305 2207 470 2282 alienigenis
480 2209 598 2274 inciens,
620 2208 714 2266 dolum
729 2209 816 2279 mulae
828 2223 925 2262 corum
937 2227 985 2264 vo-

187 2282 299 2338 luntatis
318 2283 469 2348 declarem,
493 2283 596 2340 deinde
615 2301 681 2339 vero
698 2292 730 2339 ut
746 2299 876 2356 praescus
894 2299 985 2338 sermo

186 2358 267 2413 nobis
286 2360 382 2430 prosit.
428 2357 564 2425 Quoniam
587 2360 740 2432 primorum
763 2359 832 2413 vitia
852 2359 984 2414 secundis

235 2531 258 2580 ὓ)
280 2532 303 2572 εἰ
319 2533 391 2582 aliqua
406 2532 510 2570 vocabula
527 2533 588 2572 uncis
605 2541 618 2570 a
633 2531 696 2572 nobis
714 2531 787 2572 addita
803 2533 824 2570 ln
842 2531 882 2570 nac
895 2533 982 2580 periodo

185 2583 247 2622 mter
262 2583 373 2630 disponet,
394 2582 564 2622 murorum
581 2583 634 2630 haap
651 2583 852 2630 rusgunmensis:
874 2581 918 2628 „Si
930 2583 983 2622 dun

184 2631 240 2671 iscis
256 2633 366 2680 superabis
382 2633 503 2678 mulierem,
530 2643 557 2672 ex
573 2633 664 2672 advorso
681 2633 719 2672 illu
735 2633 823 2672 insldiss
840 2631 882 2670 sibi
899 2635 982 2680 pararit

184 2683 299 2770 iffi
306 2677 981 2774 muudusu¹zu3ur²utuuuu¹u²¹t
1009 2723 1010 2732 κ

371 2736 386 2772 ‚⁸
580 2743 591 2772 ο
874 2759 881 2771 .
942 2743 955 2772 ο
