2050 3100
125 116 175 168 ato
241 118 339 164 rum.
357 117 432 163 ιω).
451 116 614 174 quassu.
633 117 682 162 nr
703 116 785 161 sou.
819 112 930 178 ustae]

124 228 202 275 naret
211 234 306 273 seeum
316 217 475 289 colligatum
486 216 616 289 (corpus).
655 217 758 271 Littera
768 216 837 271 haec
846 234 932 289 prae-

125 294 187 349 fert.
208 292 251 347 Ad
261 292 422 364 allegoriam
431 299 523 345 autem
534 291 606 346 illud
617 300 658 346 est
669 291 829 346 dicendum.
854 292 931 348 Mul-

124 377 168 423 tae
179 375 276 439 gentes
284 374 350 420 sunt
360 366 390 422 in
401 366 492 419 anima
501 366 656 421 secundum
666 374 811 436 utramque
821 373 931 437 partem

124 441 325 504 irrationalem,
337 442 420 504 iram,
436 438 472 514 [*]
483 442 608 511 inquam,
621 449 647 495 et
658 441 926 511 concupiscentiam

125 515 230 586 quibus
240 514 311 570 nihil
323 516 412 587 magis
422 514 548 586 prodest,
570 531 654 586 quam
669 516 723 569 sub
733 516 855 570 dominio
866 532 930 571 esse

125 589 253 653 rationis,
269 590 397 660 propriae
407 606 502 643 eorum
511 590 648 662 principis
659 607 691 644 ac
700 589 838 644 dominae.

246 710 312 770 Quid
327 724 362 763 est
379 712 510 776 „Adorent
528 724 550 763 te
564 714 726 779 princepes‘W
748 714 807 779 (ib.)

180 797 241 853 2⁴7.
267 798 428 853 Cormborat
442 806 523 869 atque
538 798 682 870 prolongat
696 797 813 853 verbum
828 796 928 851 subtili

124 880 181 927 arte
192 866 358 927 coniectum.
397 873 521 927 Primum
531 873 648 926 rusticos
659 872 778 927 subiecit
791 872 830 935 ei,
852 888 929 927 nunc

125 954 217 1004 autem
232 955 259 1002 et
273 947 385 1002 liberos.
425 948 557 1014 Principes
567 963 632 1019 ergo
642 954 706 1001 sunt
714 945 858 1019 praesides
868 964 930 1001 ser-

124 1038 237 1077 monum
258 1022 363 1077 alienae
383 1022 548 1084 sententiae,
573 1037 690 1091 quorum
704 1039 769 1076 cura
784 1029 825 1076 est
840 1020 929 1076 hone-

124 1105 196 1152 stare
209 1106 373 1169 comptaque
387 1095 516 1159 reddere,
538 1111 609 1166 quae
619 1096 692 1151 circa
703 1112 802 1167 corpus
813 1102 840 1150 et
851 1104 929 1151 extra

124 1180 190 1225 sunt
202 1172 288 1236 bona,
309 1180 392 1243 atque
406 1170 521 1225 irridere
532 1177 558 1225 et
568 1170 738 1225 subsannare
748 1170 930 1241 disciplinam

124 1255 151 1299 et
170 1248 335 1317 sapientiam
354 1255 382 1301 et
399 1246 575 1299 sobrietatem
594 1246 766 1317 religiosam,
788 1262 843 1300 una
864 1262 930 1300 cum

125 1322 240 1373 caeteris
255 1321 352 1384 rebus,
375 1336 446 1390 quae
459 1321 580 1375 animam
595 1336 689 1375 sanam
703 1328 730 1375 et
743 1319 851 1375 salvam
861 1337 930 1375 con-

124 1401 245 1447 servant.
270 1430 273 1436 ·

123 1599 309 1656 infrenaretur
327 1609 447 1657 caterva.
494 1604 546 1658 Per
565 1603 725 1676 allegoriam
744 1611 838 1658 tamen
855 1604 930 1659 illud

123 1682 259 1744 oporteret
273 1677 418 1746 prosequi,
439 1686 535 1748 gentes
549 1678 684 1748 plurimas
700 1695 760 1732 esse
773 1678 803 1732 in
818 1679 929 1734 animae

122 1746 250 1817 partibus
260 1749 382 1819 singulis
392 1751 485 1804 minus
495 1752 668 1807 rationabilis
678 1753 848 1816 iracundiae,
862 1771 930 1808 con·

123 1821 325 1890 cupiscentiae,
350 1823 454 1892 quibus
472 1825 586 1898 expedit
600 1829 796 1882 amministrati
811 1845 826 1881 a
842 1827 929 1883 verbo

123 1894 217 1965 (marg.
230 1894 348 1968 acerbo),
364 1899 424 1968 ipse
434 1901 509 1954 enim
519 1901 680 1957 naturaliter
690 1897 785 1959 eorum
794 1903 928 1974 princeps

123 1976 150 2022 et
160 1966 313 2025 dominator
323 1979 374 2026 est.
797 1990 805 2002 ·

233 2091 314 2150 Quare
332 2095 406 2146 decit:
435 2095 600 2160 „Adorabunt
620 2109 642 2148 te
656 2100 819 2164 princepe&

178 2177 239 2233 att.
259 2179 390 2235 Dilatavit
399 2183 574 2238 ornatissime
584 2187 754 2250 sermonem,
776 2185 857 2256 prius
867 2187 929 2257 pri·

122 2258 199 2306 vatos
210 2251 395 2318 subficiendo,
410 2258 586 2327 postmodum
596 2259 748 2332 prinsipes.
770 2260 842 2315 Sunt
852 2261 929 2316 enim

121 2326 264 2398 principes
283 2337 420 2384 sectarum
437 2333 614 2402 quarundam
630 2333 835 2407 praesidentes,
862 2335 929 2404 qui-

122 2399 176 2453 bus
192 2401 351 2458 sollicitudo
366 2413 407 2458 est
422 2406 490 2461 haec
503 2425 613 2471 curare,
639 2426 711 2478 quae
722 2410 830 2479 corpori
841 2424 929 2479 expe-

122 2469 217 2538 diunt,
238 2484 264 2530 et
274 2494 324 2549 pro
334 2477 457 2534 ludibrio
468 2483 608 2552 accipiunt
617 2482 798 2546 industriam,
814 2483 930 2553 sapien-

122 2544 206 2671 gllzllnl,
211 2550 387 2618 pudicitiam,
399 2557 605 2616 continentiam,
618 2557 779 2625 patientiam
790 2563 817 2610 et
826 2556 929 2611 horum

177 2635 186 2669 1
199 2637 235 2672 ra.
