2050 3100
59 148 94 212 [1,
108 145 158 211 m]
202 151 253 196 nn
272 150 546 200 enovmnnm
569 127 695 202 sonno
715 158 734 202 1.
833 154 865 206 23

18 251 25 264 '
58 250 203 323 quodam,
215 251 295 306 initio
304 260 427 323 sumpto,
439 254 557 325 incepit:
579 254 613 309 ab
625 255 678 310 alio
687 273 751 330 ergo
760 258 865 329 princi-

57 327 145 413 pium
157 324 239 380 duxit
249 326 311 391 ille,
321 327 371 397 qui
382 328 541 399 incipiendo
551 328 639 400 iactus
649 329 702 386 luit
712 334 822 404 sapiens
833 351 865 389 nc

56 400 333 532 proddlullaeterum
346 475 483 547 quomodo
497 478 550 532 erit
568 479 632 548 quis
651 479 785 550 providus
803 445 864 540 sint

58 547 252 622 providentia,
264 558 311 604 aut
319 550 430 622 sapiens
440 553 501 605 sine
510 551 664 624 sapientia?
683 553 713 610 Si
724 573 789 630 ergo
799 574 864 629 pro-

61 625 149 680 vidus
165 633 193 679 et
207 626 317 697 sapiens
331 642 411 680 nemo
425 627 478 680 erit
492 627 553 681 sine
567 627 740 700 providentia
754 632 798 688 vel
818 651 863 688 sa-

57 701 184 771 pientia,
206 702 302 771 ntique
317 700 370 755 luit
384 717 433 754 ens
443 700 557 772 aliquod
567 702 714 773 providum
725 714 806 778 atque
816 725 862 763 sa-

26 815 29 818 .
57 776 159 846 piens,
181 774 265 846 aquo
280 776 391 830 initium
405 774 474 830 haec
489 778 585 832 sortita
603 787 676 833 sunt.
716 779 862 853 Siquidem

57 858 183 921 oportet,
207 859 238 905 ut
251 859 355 906 creator
367 849 483 921 provide
491 869 591 910 ‚curam
607 851 705 908 habeat
719 872 811 911 rerum
826 858 861 912 ab

57 927 125 996 ipso
140 934 306 992 creatarum,
337 925 408 979 nihil
423 934 465 980 est
479 927 567 992 enim,
588 926 663 998 quod
678 928 712 983 ab
727 931 787 1001 ipso
806 949 859 987 non

58 1008 184 1053 curetur.
208 999 349 1065 Quomodo
358 1017 423 1072 ergo
432 1001 592 1069 rationalem
603 1001 648 1057 dei
658 1004 859 1074 providentiam

58 1091 117 1129 non
129 1074 344 1145 appellabimus,
364 1076 483 1130 maxime
496 1093 583 1147 quum
598 1095 629 1132 ea
644 1079 718 1149 ipsa,
738 1097 809 1151 quae
824 1081 858 1136 ab
929 1099 931 1103 ·

59 1168 93 1204 eo
107 1148 270 1214 factasunt,
290 1149 492 1222 providentiam
507 1168 573 1223 pras
587 1169 617 1208 se
632 1151 720 1209 ierant
733 1154 766 1226 (s.
782 1173 859 1211 rece-

59 1223 180 1299 perint)l
794 1253 798 1264 ν

116 1314 161 1370 27.
182 1312 252 1368 Proh
263 1330 328 1368 sane
338 1313 447 1368 brutam
457 1314 607 1370 invidieml
628 1316 684 1390 ipsi
694 1318 743 1388 qui
753 1335 783 1373 se
793 1336 857 1391 pro-

59 1387 141 1444 vidos
162 1405 222 1443 esse
241 1389 350 1454 volunt,
379 1388 410 1443 hi
429 1389 481 1445 deo
501 1389 625 1445 adimunt
643 1392 855 1464 providentiam.

59 1465 148 1519 Unius
159 1462 257 1518 domus
268 1473 315 1519 aut
324 1464 445 1519 civitatis
454 1464 613 1521 felicitatem
619 1468 693 1522 omni
699 1484 762 1523 cum
768 1468 856 1524 abun-

60 1538 155 1595 dantia
165 1538 290 1595 videntes
300 1538 490 1612 providentiae
501 1541 531 1596 id
541 1559 611 1614 opus
621 1540 740 1599 dicimus
754 1553 780 1600 et
789 1544 856 1600 dili·

59 1617 183 1689 gentiae,
205 1624 444 1688 quaepraeparata
455 1619 621 1689 comperitur
631 1620 675 1673 vel
685 1620 755 1691 ipsis
765 1620 856 1676 homi·

59 1692 142 1745 nibus
157 1688 303 1747 vilissimis
318 1691 510 1765 indignisque,
534 1692 571 1746 ita
590 1700 620 1747 ut
639 1710 693 1748 non
713 1695 856 1769 indigeant

58 1768 141 1821 etiam
151 1766 328 1831 necessariis,
349 1766 452 1821 necilli
462 1766 575 1838 quidem
586 1769 635 1838 qui
645 1771 741 1841 poenis
752 1779 778 1825 et
788 1772 856 1842 s'up-

59 1842 152 1913 pliciis
172 1841 293 1896 damnati
311 1849 385 1896 sunt.
423 1842 526 1899 llundo
543 1851 633 1897 tamen
655 1845 784 1901 universo
804 1863 855 1901 nec

59 1917 277 1989 procurationem
291 1915 377 1975 ullam
392 1933 482 1989 neque
497 1934 590 1972 curam
606 1917 701 1975 adesse
716 1920 852 1985 dictitent,

60 2010 109 2047 nec
122 1991 208 2047 ullam
220 1989 257 2066 [*]
268 1991 325 2062 ipsi
340 1991 429 2063 legem
445 1991 479 2045 rh
492 1992 551 2046 ullo
562 2009 624 2047 cum
633 1995 749 2066 pulchre
759 1997 854 2068 provi-

61 2067 152 2122 dentia
161 2066 195 2140 (s.
206 2067 398 2139 praescientis)
408 2066 594 2122 constitutam.

113 2162 156 2216 28.
180 2158 215 2213 Et
228 2158 364 2232 quomodo
375 2175 428 2213 non
438 2160 566 2213 insanum
577 2160 652 2215 istud
663 2162 792 2217 delirium
803 2163 853 2218 ha-

59 2234 180 2289 bendum
195 2235 259 2298 orit,
281 2243 311 2288 ut
325 2251 411 2305 quum
422 2234 579 2290 intellectus
589 2245 693 2303 noster,
704 2238 764 2308 ⁴qui
774 2239 853 2308 prin-

59 2324 122 2382 ceps
141 2318 183 2364 est
201 2310 231 2363 in
250 2308 343 2373 nobis,
364 2327 457 2364 curam
472 2308 572 2369 habent
585 2319 642 2365 tum
660 2312 780 2383 corporis
795 2313 849 2375 sui,

60 2396 116 2441 tum
126 2383 274 2457 pecudum,
286 2392 345 2439 tum
354 2383 538 2450 subditorum,
547 2394 606 2439 tum
618 2386 745 2451 liliorum,
758 2386 806 2441 ills
817 2404 852 2441 ex

59 2461 184 2524 adverso,
204 2460 255 2532 qui
268 2460 459 2514 universorum
473 2461 602 2531 princeps
618 2470 659 2515 est
673 2476 704 2515 ac
718 2469 806 2515 rector
819 2478 852 2517 ac

58 2535 314 2591 velutmunerarius
327 2535 497 2599 certaminis,
520 2534 625 2589 nullam
640 2535 737 2590 mundi
752 2535 851 2592 habeat

58 2609 167 2666 curam?
193 2611 290 2666 Nonne
304 2609 333 2665 id
348 2610 440 2681 potius
450 2611 552 2666 maiore
562 2610 665 2665 ratione
676 2610 850 2667 statuendum

57 2684 114 2744 est‘l
