2050 3100
157 170 205 223 iti
262 172 361 219 PHIL.
382 172 458 219 [UD.
479 169 644 229 Quales‘r.
663 171 714 217 ET
733 172 814 218 aot.
840 166 959 235 [11‚ate.]

156 277 286 329 vitiorum
300 272 472 327 ineursionee
487 287 537 342 pro
552 271 614 343 lega
628 270 762 327 habentes
780 272 960 343 iniquitatem

154 350 284 420 (adverb.
301 347 371 419 legis
386 346 582 419 privationem)
594 355 624 401 et
642 347 775 418 politicen
794 345 960 405 iraudulen-

153 434 220 479 tam.
795 457 800 468 =

156 564 192 629 [*]
221 560 305 626 (Quid
327 562 359 611 eit
385 562 536 624 „oscendere
560 578 632 626 anper
662 561 851 625 Μηθώνην)
889 560 959 619 Quae

221 639 275 681 eunt
292 628 454 693 „ancilloe“‚
479 630 615 693 quibusoam
630 646 730 694 oorperre
746 628 857 679 Rebecca
874 646 959 679 aeaea-

222 696 257 747 dit
274 713 344 761 super
361 697 478 748 comedoni
500 698 554 761 (24,
571 698 625 757 61.)

213 802 270 859 t36.
295 799 438 853 Ascendere
451 801 562 853 camelae
574 815 680 853 morem
692 806 720 853 et
733 798 896 870 religionem
911 800 958 853 in-

156 873 229 928 dioat
241 889 372 943 superare
385 873 508 944 speciem
523 872 725 935 memorialem,
746 873 876 943 quoniam
891 889 958 943 per-

155 949 309 1003 severantia
320 956 434 1019 cognata
445 948 593 1004 memoriae
604 956 659 1011 est,
676 955 703 1001 et
717 947 864 1002 memoriae
879 964 958 1019 eym-

155 1023 262 1087 bolum,
284 1031 313 1076 ut
327 1039 409 1094 saepo
424 1021 529 1077 dietum
544 1030 600 1085 est,
621 1021 743 1076 camelus
763 1030 814 1076 est.
852 1021 958 1076 Verum

155 1103 292 1153 oscendere
301 1098 371 1152 nihil
383 1098 459 1151 aliud
472 1105 527 1161 est,
550 1098 605 1150 nisi
620 1113 703 1167 supra
718 1095 877 1151 memoriam
890 1112 958 1167 per-

154 1181 240 1237 stare,
261 1188 316 1227 non
331 1188 395 1227 vero
405 1188 535 1230 somnum
544 1171 694 1228 oblivionis
704 1170 862 1243 imaginari.
900 1172 958 1224 Aa·

156 1252 232 1302 atilae
246 1264 311 1301 voro
326 1264 423 1303 servae
436 1244 574 1318 quaedam
587 1246 896 1316 auntpereeverantiae‚
913 1253 959 1301 te-

155 1339 237 1377 nerae
255 1322 409 1393 mollesque
427 1330 455 1379 et
473 1321 570 1377 faciles
589 1320 623 1375 ad
639 1320 807 1378 dianondum
829 1327 955 1384 naturae,

86 1416 89 1423 ·
155 1406 264 1466 paratae
284 1404 481 1467 promptaeque
499 1396 537 1451 nd
555 1396 683 1453 dominae
704 1396 862 1452 servitium.
899 1396 958 1449 No-

156 1472 231 1524 mina
246 1478 337 1523 antam
355 1471 518 1527 aneillarum
532 1471 754 1542 perseverantiae
767 1478 832 1528 eunt
850 1470 958 1540 impro-

155 1542 546 1615 pandene‚indeolinatum·in
556 1564 641 1604 unam
649 1554 768 1618 partem,
780 1544 897 1600 minima
905 1543 959 1600 de-

156 1618 261 1672 olivnm
271 1618 301 1672 in
314 1621 495 1683 eontrarium,
507 1621 706 1692 impoenitens,
717 1620 899 1684 immutabile,
911 1621 959 1676 in-

156 1691 299 1755 differens,
312 1700 455 1757 coaetanea
466 1693 527 1752 haei
539 1696 637 1761 lixum,
652 1695 827 1759 invinoibila,
838 1703 958 1774 rectum,

155 1777 182 1822 et
197 1783 387 1838 quaeeunque
402 1767 608 1828 horamviratrea
619 1780 697 1834 eunt,
713 1771 763 1842 qui
772 1771 889 1842 oupiunt
900 1779 959 1826 ata-

156 1842 241 1895 bilem
252 1844 494 1912 perseverantiam.

176 1995 240 2052 Quid
256 2007 291 2045 aet
308 1997 457 2062 „Aeeipa'em
472 1991 753 2052 ariomanitarum
765 2000 865 2052 atitu‘r
877 2004 939 2066 (ib.)
1019 1962 1020 1991 l

213 2099 270 2152 iai.
296 2097 533 2164 Quemadmodum
549 2103 622 2174 apud
638 2104 815 2161 instructores
834 2103 959 2160 dicimus

156 2174 295 2243 proximos
307 2182 333 2227 et
343 2173 495 2245 discipulos
506 2175 608 2231 debere
618 2180 742 2250 accipere
755 2180 959 2255 intelligentiae

155 2248 357 2316 speculationes
367 2251 505 2320 propriae,
521 2252 704 2325 optimas**),
722 2250 837 2308 aeleot'as
847 2253 960 2324 atquea

207 2388 229 2434 ⁴¹)
251 2387 310 2432 Haeo
327 2390 388 2431 ntroin
405 2390 498 2437 inolere,
526 2401 581 2441 queo
602 2393 679 2432 derant
694 2394 718 2432 in
732 2394 780 2434 eod
798 2393 829 2446 ᾼ.
850 2393 961 2434 oouoeent

156 2437 218 2476 oodd.
238 2435 255 2478 O
273 2442 295 2478 et
312 2437 332 2477 D
352 2441 415 2488 paulo
433 2441 532 2490 inferiae,
554 2442 595 2482 nub
613 2444 673 2481 initio
690 2445 791 2483 nimirum
810 2443 928 2487 solutionis
947 2455 961 2484 a

155 2487 245 2527 Philone
263 2491 385 2538 coaptatam
413 2491 449 2530 nbi
463 2495 536 2531 tamen
553 2493 601 2532 con.
613 2492 633 2530 Α
649 2495 695 2532 eine
712 2496 879 2542 interrogatione
896 2495 959 2533 nimi·

155 2538 185 2576 lie
197 2539 264 2580 verba
276 2541 394 2582 oomnrmt
420 2541 473 2581 Utnt
485 2544 524 2588 eit,
539 2543 617 2582 eointto
630 2545 676 2590 ipra
685 2545 754 2593 exigit
762 2546 866 2593 imprimie
875 2546 960 2585 hanoea

155 2588 344 2638 interrogationem
357 2593 534 2639 praemittendam
547 2593 570 2630 in
586 2593 691 2642 principio
709 2596 847 2642 quaestionis.
873 2595 959 2636 Auen.

208 2654 243 2702 '*)
257 2656 327 2695 Aliter
338 2659 410 2706 potent
422 2668 498 2697 eonare
511 2659 575 2697 lectio
589 2659 635 2696 eod.
649 2658 679 2697 A:
698 2661 810 2710 decipulae
818 2663 960 2712 operatoriam·

156 2703 234 2744 deditos
248 2709 337 2753 optimae
349 2712 387 2750 ete.
412 2707 491 2748 Aneir.
