2050 3100
165 165 213 217 tto
292 168 390 213 aaran
405 166 477 211 ron.
493 163 655 221 Qunusn.
668 164 718 211 aa
736 163 813 209 son.
847 151 890 223 [ιι
901 160 965 226 aaa]

163 268 313 330 ducantur,
330 265 380 321 sed
390 265 514 320 valentes
524 270 552 318 et
560 263 633 319 ultro
642 264 810 336 aecipientes
822 265 968 321 matrimo-

162 344 255 405 nium,
271 341 301 395 in
312 357 477 395 eonsensum
487 338 649 394 concordiae
660 338 879 411 proficiscantur.
915 339 968 396 Se-

162 416 268 480 eundo,
301 415 432 486 qnoniam
452 413 609 469 intellectus
629 430 738 486 semper
758 411 796 488 [*]
817 413 966 471 variabilis

161 492 337 562 omnigenam
348 490 486 561 recipiens
496 489 674 544 mutationem
684 488 721 544 ob
730 489 853 545 exterius
865 503 968 560 super-

162 566 306 622 venientes
320 564 500 636 oogitationes
514 563 767 635 frequentissimas,
789 579 861 634 quae
875 565 968 621 eonti-

162 640 226 695 nuis
238 638 354 695 fortunis
365 640 493 693 torrentis
503 638 534 693 in
542 638 656 694 modum
665 637 875 711 ingrediuntur,
897 638 968 694 dili-

161 722 257 787 genter
276 712 419 770 dixerunt:
457 718 656 783 iatmopemaa,
676 729 731 775 non
744 714 849 784 ipsam,
870 713 923 771 ssd
938 732 968 768 oa

161 788 349 843 aius-istud
359 804 487 843 excausa
497 787 636 853 dieentes,
655 794 688 842 ut
696 786 841 844 ostendant
850 804 881 842 se
890 787 967 843 ultro

162 870 322 935 accepturos
346 862 444 936 esse*)
469 863 633 919 mutationes
656 869 797 934 tamquam
815 869 968 917 torrentem

162 938 390 1009 supervenientes
405 955 441 993 ex
454 937 553 1001 rebus,
565 951 649 1009 quaa
667 937 703 991 ab
723 946 799 992 extra
818 938 965 1001 eveniunt,

161 1020 188 1067 et
207 1012 325 1067 verbnm
343 1014 518 1084 pretatione
537 1012 566 1066 in
585 1008 709 1066 medium
724 1012 788 1067 duci
803 1010 963 1067 voluerunt.

160 1086 251 1153 Quare
261 1088 344 1143 etiam
356 1088 417 1161 lege
427 1088 481 1144 lata
490 1086 561 1141 dicit
569 1101 694 1152 rursum,
714 1085 789 1158 qnod
798 1091 886 1141 omnio
896 1105 966 1156 qaas

161 1172 257 1218 emanat
273 1181 307 1219 ea
321 1166 398 1219 labiis
412 1168 476 1225 tuta,
499 1166 585 1231 samaa
599 1168 685 1229 (Dent
695 1169 737 1228 aa,
746 1165 804 1226 24),
827 1176 882 1215 non
897 1178 966 1217 vero

161 1254 354 1309 quaecumque
368 1239 398 1291 in
408 1244 498 1293 mente
509 1252 617 1291 verses:
643 1234 769 1291 homines
780 1235 854 1290 enim
864 1252 966 1291 voeem

161 1313 293 1378 audiunt,
315 1312 384 1371 deus
399 1320 491 1370 antem
505 1310 694 1383 eogitationes.
731 1310 827 1382 Itaque
836 1312 966 1382 apposite

159 1404 215 1443 non
231 1388 307 1459 ipsas
323 1388 501 1459 eogitationes
516 1386 698 1457 interrogant,
719 1383 770 1441 sed
782 1400 896 1445 servum
915 1402 966 1441 ea-

160 1477 236 1525 rum,
258 1476 412 1516 sermonem
427 1476 494 1515 voce
506 1459 654 1531 prolatum.

163 1611 256 1675 Quare,
273 1629 342 1676 qaum
355 1613 471 1662 scmmtoti
481 1624 536 1664 aaut
548 1631 614 1674 man:
636 1613 801 1678 „ltnmear
816 1616 867 1666 viro
876 1617 965 1667 ἰσων(

260 1679 323 1729 illico
340 1680 472 1746 respondit,
491 1680 585 1734 dean.-
611 1680 720 1746 „Ito‘o
737 1684 789 1749 (24,
803 1684 858 1745 58.)

217 1783 275 1834 t33.
305 1780 340 1834 Et
358 1781 558 1854 interrogantes
576 1801 697 1857 aequum
716 1793 758 1840 est
777 1786 905 1850 laudare,
929 1805 965 1842 eo

157 1853 234 1925 quod
247 1854 434 1909 voluntarium
449 1857 539 1930 magis
551 1875 636 1930 quam
646 1860 832 1915 necessarium
842 1861 965 1917 honora-

159 1929 250 1983 verint
263 1928 476 1999 praeeleotione;
502 1949 567 1986 nam
581 1934 712 1989 violentia
722 1935 752 1989 in
762 1937 854 1990 causis
864 1938 964 1992 estin-

158 2010 319 2057 cunctanter
328 2001 434 2058 fatendi
443 2005 552 2077 aliquid
561 2011 612 2078 per
620 2017 803 2081 praetextum.
823 2011 859 2065 Et
867 2012 964 2068 anima

158 2076 240 2131 laude
251 2076 335 2148 digna
346 2086 400 2144 est,
423 2079 489 2135 boni
498 2082 617 2137 amatrix
626 2085 789 2155 evitansque
798 2085 963 2157 superbiam

157 2158 184 2205 et
198 2151 383 2222 impietatem,
404 2163 486 2224 atqua
504 2171 556 2226 pro
574 2156 664 2224 nihilo
682 2157 789 2215 ducens
807 2162 962 2216 sententias

156 2224 300 2280 hominum
320 2237 530 2301 aggregatorum
549 2231 836 2304 cohabitantiumqua3
868 2235 964 2307 siqui-

157 2297 222 2354 dem
232 2300 320 2372 aliqui
330 2302 401 2370 nihit
412 2303 544 2360 differunt
553 2323 569 2359 a
579 2304 645 2361 feris
655 2307 776 2362 humana
786 2306 963 2380 formaprae-

156 2373 233 2429 ditis.
273 2376 338 2431 Fuit
352 2385 458 2443 autem,
480 2380 530 2451 qui
543 2380 627 2451 paulo
642 2389 705 2436 ante
718 2378 810 2446 dictus
823 2392 882 2438 erat
891 2383 962 2439 ado-

156 2448 276 2515 lescens,
302 2455 387 2516 homo,
413 2470 468 2508 non
487 2454 607 2525 amplius
627 2457 730 2510 virtute
748 2457 881 2522 nattuali,
907 2459 960 2514 sed

155 2523 336 2593 perfectione,
349 2527 436 2582 multa
446 2527 550 2583 indicia
560 2528 680 2600 prodens
690 2531 844 2601 sapientiae
852 2539 880 2588 et
888 2549 961 2605 pru-

203 2696 226 2742 ⁸)
243 2708 261 2736 s.
279 2699 347 2745 ipsam
364 2700 419 2739 ultro
437 2701 568 2748 acceptam
585 2707 636 2740 me.
661 2697 742 2742 Auen.
