2050 3100
160 297 208 351 ttt
382 300 569 347 rurnours
588 270 726 345 rubam
809 290 959 357 [ratum]

156 411 261 476 ptatem
280 400 368 455 iactae
382 408 464 461 sunt:
505 399 648 471 simplices
668 400 743 453 enim
760 406 828 452 sunt
848 400 960 453 istarum

78 512 82 517 -
157 479 274 532 virtutes
284 475 485 548 etsiugiilatim
494 492 546 547 per
555 474 652 529 odores
661 480 791 545 prosunt,
813 472 959 546 fragrantia

158 552 341 623 adimplentes
352 551 474 615 viciuos,
493 550 581 605 multo
592 557 681 603 autem
693 548 782 621 magis
792 548 823 601 in
833 549 958 603 mixturis

157 627 322 682 medicinae.
361 626 432 679 Nam
446 642 490 679 res
510 624 648 696 quaedam
667 624 739 677 inter
757 639 788 676 sa
808 624 958 694 permixtae

156 703 215 757 vim
225 718 304 754 suam
316 700 475 754 evidentius
485 699 632 761 exhibent:
663 698 736 753 siout
744 698 773 751 in
784 698 957 769 generatione

157 774 286 830 animalis
296 776 454 829 coniunctio
464 775 549 829 maris
560 781 587 828 et
596 772 730 837 feminae,
746 789 836 844 quum
846 774 957 829 seorsim

156 866 211 903 non
221 850 309 920 possit
318 848 428 904 efficere
439 866 514 904 unus
529 848 575 903 vel
591 849 688 912 altera,
710 846 785 919 quod
799 848 883 903 ambo
897 864 957 903 con-

155 925 299 978 venientes
310 922 465 997 (efficiunt).
497 923 735 979 Haecnecessario
746 922 911 988 dictasunt,
925 926 958 977 ita
996 938 997 951 *

154 1008 187 1055 ut
201 999 284 1054 etiam
297 998 416 1071 reliquis
429 1000 487 1054 tuis
501 998 723 1053 dubitationibus
733 996 920 1054 sufficientem
930 998 958 1053 ti-
996 1000 997 1003 ’

156 1074 220 1130 dem
230 1074 340 1129 efficere
348 1075 456 1145 possint
466 1074 540 1147 apud
551 1074 629 1138 illos,
648 1075 698 1144 qui
709 1072 781 1127 nihil
792 1076 959 1129 contentiose
996 1106 997 1147 1

155 1168 222 1223 prae
231 1168 261 1205 se
270 1149 362 1204 ierunt
372 1149 407 1203 de
422 1148 487 1215 hoc,
506 1148 582 1220 quod
594 1146 630 1223 [Ἴ
644 1148 713 1203 deus
724 1148 912 1204 humanarum
921 1168 960 1204 re·

155 1243 218 1280 rum
232 1242 315 1280 curae
328 1224 460 1279 attendat.
499 1223 579 1291 Quod
593 1223 619 1279 si
630 1222 720 1278 adhu'c
730 1222 844 1279 dubitas
856 1224 962 1297 aliqua-

155 1309 251 1364 tenus,
268 1317 303 1354 ne
316 1309 417 1354 taceas.

213 1412 271 1471 tta.
295 1408 494 1475 Araxaroar,
524 1407 647 1462 Poenitet
665 1424 710 1479 me
726 1407 761 1461 de
777 1408 962 1478 anterioribus

155 1501 267 1557 quoque
278 1477 407 1558 (dubiis),
428 1483 494 1554 quia
505 1482 540 1550 ad
551 1483 661 1556 singula
672 1483 783 1554 copioso
794 1482 893 1542 studio
901 1500 964 1556 pro-

155 1561 245 1614 tulisti
255 1559 382 1634 opposita
391 1576 427 1613 ex
437 1559 520 1612 rectis
530 1559 586 1613 tuis
597 1557 873 1624 ratiocinationibus,
885 1561 926 1616 ita
936 1567 964 1613 ut

155 1633 227 1687 nihil
239 1634 426 1711 superaddere
436 1633 518 1688 liceat
526 1633 587 1687 sine
598 1633 769 1688 discrimine.
794 1633 849 1688 Pro
860 1634 962 1705 bonore

154 1707 263 1778 itaque,
284 1717 315 1762 ut
329 1709 402 1777 dixit
410 1709 478 1763 olim
486 1706 637 1777 Pindarus,
659 1709 803 1780 silentium
815 1707 963 1780 laetabun-

155 1779 209 1835 dus
219 1784 383 1857 suscipiam.
436 1781 441 1791 ’

214 1892 271 1944 ttt.
290 1891 396 1946 Pario.
421 1893 480 1964 Ego
493 1901 586 1948 tamen
601 1909 655 1948 non
669 1890 783 1948 cessabo
799 1891 899 1948 adbuc
918 1911 964 1948 ne-

156 1965 307 2035 cessarium
323 1965 358 2020 de
371 1966 548 2038 providentia
563 1967 699 2040 adaugere
714 1965 850 2030 verbum,
875 1985 963 2040 quon-

155 2042 211 2094 iam
230 2042 352 2095 anterius
372 2050 465 2097 contra
486 2042 670 2111 obiectionem
693 2049 890 2112 comparatum
915 2043 963 2098 fuit

155 2115 233 2176 velut
239 2117 378 2186 -contraria
387 2119 541 2192 persuasio.
572 2117 650 2185 Quod
664 2115 755 2170 autem
765 2126 911 2187 superest,
925 2135 965 2172 se·

155 2191 271 2262 paratim
283 2199 429 2262 apparatus
441 2193 493 2246 erit
501 2192 671 2264 quaestionis
682 2197 811 2261 certaque
823 2190 910 2248 fides.

212 2301 269 2364 ⁴⁴5,
290 2298 486 2356 Aceranuaa.
511 2301 585 2373 Ergo
595 2309 703 2371 tempus
717 2308 759 2356 est
772 2309 966 2372 opportunum

155 2374 225 2428 mihi
237 2374 411 2430 auscultandi
422 2382 448 2430 et
457 2375 511 2429 tibi
522 2374 645 2432 dicendi.

210 2449 314 2504 Pario.
334 2449 405 2506 Mihi
415 2449 530 2520 quidem
540 2467 650 2522 semper
658 2458 768 2522 tempus
779 2457 822 2504 est
834 2450 966 2522 pbiloso-

153 2522 275 2590 phandi,
297 2523 489 2589 ouidedicavi
503 2525 590 2579 vitam
605 2542 696 2580 meam
705 2523 799 2579 studio
809 2525 966 2583 addictam.

153 2595 240 2647 Multa
249 2604 350 2659 tamen,
361 2605 416 2650 tam
427 2598 611 2672 inconstantia
621 2617 705 2671 quarn
715 2599 851 2664 iucunda,
866 2611 970 2659 vocant

154 2681 213 2726 me,
233 2684 305 2736 quae
319 2686 373 2723 non
383 2671 448 2724 licet
457 2679 642 2728 contemnere.
682 2675 752 2731 Veni
763 2675 862 2746 itaque
875 2678 915 2733 ad
926 2695 972 2732 ae

152 2743 292 2819 ternorum
306 2741 554 2812 dispensationem,
576 2757 608 2802 nt
621 2745 658 2822 [*]
671 2749 754 2803 etiam
763 2765 880 2806 mecum
892 2754 974 2807 inso

154 2805 270 2862 lubrtem
280 2813 382 2869 babeas
392 2816 438 2889 (te)
449 2819 616 2886 auditorem,
632 2824 682 2894 qui
692 2824 806 2879 interim
816 2828 951 2898 respiret
962 2845 976 2880 a
