2050 3100
167 102 216 155 tte
276 105 375 151 rma.
395 101 472 150 run.
493 102 656 161 Quansr.
676 103 727 149 nr
745 102 827 149 son.
846 96 967 164 [11,ut.]

166 206 261 338 eecliem
271 208 416 293 utriusque
424 221 522 276 opera,
536 203 572 259 ob
582 204 679 260 insitas
689 202 719 260 in
730 210 846 276 utroque
855 202 967 259 indoles

166 299 200 336 vc
211 290 324 337 unteus.

199 446 237 512 [Ἴ
256 446 305 497 Gur
320 444 464 509 „benedixit
481 461 531 495 eum
549 454 572 494 et
589 442 662 495 dixit.-
691 442 728 495 'lb
746 444 851 507 erfidne
867 461 933 495 mene

423 510 534 561 EsauW
552 516 605 577 (nt,
625 513 702 575 23⁵.)

218 635 280 689 2¹2.
303 630 405 688 Vocem
420 628 503 685 simul
518 627 639 702 proferre
649 626 727 683 iubet
736 628 878 685 oraculum
890 624 967 685 divi·
1023 656 1024 665 κ

165 724 246 772 num,
258 714 289 762 ut
298 706 403 762 indicet
411 704 576 761 benedicere
586 702 659 759 velie
669 704 803 775 primum,
816 711 966 777 antequam

164 780 289 855 singulas
307 780 515 837 benedictiones
536 780 681 852 exprimat.
721 778 777 835 Hoc
796 785 889 835 autem
904 780 967 835 eri-

164 857 275 914 dentius
288 858 513 928 constantiusque
527 855 708 919 demonstrat„
729 852 804 925 quod
814 854 884 910 deus
896 864 964 920 erat,

164 933 214 1007 qui
226 932 409 989 benedicebat
423 947 472 1004 per
485 930 648 1003 prophetam
663 928 830 1000 loquentem.
869 928 967 997 Quon-

165 1009 221 1065 iam
230 1025 303 1065 unus
313 1024 404 1080 neque
414 1007 564 1080 quicquam
574 1005 646 1061 dixit
656 1012 796 1070 oretenus,
818 1003 966 1061 altervero

165 1084 267 1141 virtute
283 1084 444 1157 pmphetica
458 1082 493 1137 ab
507 1082 588 1137 initio
603 1096 691 1151 usque
703 1079 829 1135 adfinem
839 1079 966 1136 reddidit

164 1158 371 1216 benedictiones
386 1158 529 1214 articulata
545 1172 625 1223 voce;
657 1170 742 1226 quare
757 1162 784 1210 et
798 1152 882 1209 finem
897 1172 966 1211 eon-

165 1234 254 1291 ciudit
266 1232 379 1291 divinae
392 1235 469 1290 vocis
482 1230 606 1295 oraculo,
631 1229 784 1286 secundum
796 1229 884 1295 illud,
908 1247 965 1303 quo

164 1308 307 1380 patefecit.
323 1310 455 1367 nimirum
465 1305 641 1366 benedixisse
652 1304 688 1363 ei.

163 1576 355 1650 quodsimiies
364 1581 584 1652 suntoperibus,
606 1597 659 1635 non
676 1587 766 1636 tamen
781 1580 878 1636 eadem
890 1598 965 1654 qua·

164 1653 239 1709 litate
254 1653 410 1721 ambarum
433 1655 542 1728 litigent
553 1655 629 1712 enim
641 1663 818 1727 utrorumque
832 1659 962 1714 consilia.

216 1840 295 1900 Quare
313 1844 361 1894 ait:
387 1843 540 1908 „Benedieit
560 1861 621 1908 eum,
651 1856 674 1895 et
692 1845 764 1897 aicit:
792 1844 824 1896 Si
840 1856 865 1896 tu
886 1865 912 1897 ee

416 1913 486 1974 filine
504 1930 567 1962 metu
589 1913 699 1963 Eecut“

217 2029 277 2084 bib.
305 2028 373 2084 Tam
393 2039 502 2085 resonat
521 2047 575 2086 vox
595 2030 665 2104 legis
684 2031 729 2087 dei
747 2047 798 2104 per
817 2023 959 2104 eloquium

162 2109 300 2166 sanctum,
322 2112 348 2160 et
359 2113 420 2159 aute
430 2105 610 2176 particulares
624 2105 828 2163 benedictiones
843 2109 914 2178 quid
924 2111 960 2164 sit

162 2176 331 2243 benedictio,
361 2181 481 2236 maxime
504 2197 570 2236 eum
593 2181 654 2254 ipsa
672 2199 703 2238 re
725 2182 857 2254 probatur
874 2183 959 2238 deum

161 2251 248 2307 fuisse
257 2263 361 2309 secrete
371 2254 580 2312 benedicentem
591 2265 652 2312 ente
662 2257 747 2314 verbe
757 2258 887 2313 dicentis.
907 2259 959 2316 1110

160 2328 236 2383 enim
249 2329 366 2384 necdum
386 2330 427 2386 ori
445 2331 606 2388 liniamenta
625 2332 814 2406 distinguente
833 2336 959 2405 praescit

159 2403 263 2460 virtute
280 2405 412 2462 culminis
430 2406 603 2464 destinantur
618 2407 839 2474 benedictiones.
869 2425 959 2481 usque

159 2479 190 2532 in
200 2479 283 2535 tinem
292 2482 466 2552 paratissime
476 2484 676 2553 pronuntiatae.
715 2482 794 2540 Unde
806 2484 891 2542 etiem
905 2491 959 2540 ter·

159 2553 268 2610 minum
281 2556 409 2630 designat
420 2573 553 2628 responso
571 2557 668 2614 divino
686 2557 747 2626 lex,
772 2559 851 2633 prius
865 2559 960 2616 denie-

159 2627 260 2694 reuda,
278 2633 409 2703 quoniam
418 2632 564 2690 benedixit
573 2647 647 2688 eum.
