2050 3100
50 259 139 328 [1,22.]
185 264 235 312 DE
255 265 529 324 PROVIDENTIA
554 265 719 312 SERMOI.
822 262 851 315 3l

49 376 103 430 tet,
125 366 199 437 quod
215 383 259 420 ars
274 367 418 440 ingeniosa
436 368 579 422 materiam
599 369 754 424 exanimem
769 368 854 423 variis

49 443 148 515 liguris
158 441 317 506 efformans,
339 459 435 498 vocem
451 442 548 516 figuris
563 443 633 514 ipsis
646 442 718 497 indit
730 442 855 498 diverso-

48 534 114 572 rum
130 518 326 581 animantinm,
347 518 385 573 ita
398 527 429 573 ut
444 526 552 572 antonia
567 534 663 573 vocem
677 517 784 574 emittat
794 519 855 572 ani-

48 592 348 660 malium-viventium.
387 593 422 648 At
438 594 487 664 qui
505 611 575 664 opus
589 592 661 648 illud
676 593 855 666 artificiosum

50 667 163 732 vident,
181 685 235 722 non
246 668 336 739 ipsam
347 668 504 724 machinam
516 668 676 723 fabricatam
687 669 778 723 mirati
790 667 855 722 abs·

50 742 167 807 cedunt,
195 759 283 815 quum
303 743 378 798 haud
396 744 521 798 nesciant
540 744 617 798 illam
635 744 854 798 essemateriam

50 818 222 882 exanimem,
242 816 317 873 haud
335 835 386 891 per
403 836 434 874 se
448 818 595 881 habentem
610 827 687 874 actus
703 819 781 882 illos,
803 818 854 873 sed

47 894 145 964 ipsum
155 894 294 947 musicum
306 893 434 965 opificem
449 894 607 958 laudantes,
629 901 656 948 ot
669 895 694 948 si
707 909 777 965 opus
792 894 853 948 eius

47 967 222 1040 praeclarum
236 978 416 1041 pertractant,
438 969 519 1024 illum
534 977 625 1024 tamen
639 968 741 1024 intueri
752 985 854 1025 eoncu-

47 1043 171 1113 piscant.

107 1153 149 1206 ll.
161 1153 221 1208 Non
231 1170 296 1226 ergo
307 1152 472 1225 decipimur,
483 1170 571 1225 quum
581 1151 772 1224 providentiae
782 1169 853 1224 opus

47 1243 112 1282 esse
127 1227 247 1283 dicimus
262 1228 411 1283 fulminum
426 1230 528 1292 iactus,
549 1228 583 1282 ab
599 1245 631 1282 ea
646 1244 745 1298 nempe
758 1227 853 1298 provi-

47 1302 144 1357 dentia
157 1303 306 1374 perfectos,
327 1305 373 1358 cui
391 1302 489 1357 mundi
508 1311 601 1375 partes
619 1303 757 1373 sapienter
771 1301 853 1356 obse-

47 1386 179 1450 quentur,
186 1379 419 1449 quemadmodum
430 1379 544 1433 materia
553 1377 633 1433 nutui
643 1375 756 1431 artificis
764 1396 769 1430 :
777 1375 854 1430 dixi-

47 1471 113 1508 mus
124 1454 199 1508 enim
209 1453 253 1509 vel
259 1455 352 1525 ipsum
361 1455 576 1509 instrumentum
587 1452 719 1525 temporis
730 1451 852 1506 indicem

46 1547 85 1584 ex
100 1536 158 1584 arte
171 1530 304 1603 sapientis
319 1529 430 1587 factoris
445 1528 629 1602 obsequenter
642 1527 749 1596 homini
762 1533 852 1583 motus

45 1604 192 1677 perficere.

105 1716 148 1768 te.
175 1711 211 1790 [*]
224 1713 337 1781 Quodsi
348 1714 443 1780 homo,
465 1714 598 1770 rationale
608 1714 710 1769 animal
721 1714 853 1786 idemque

45 1805 104 1860 que
113 1805 177 1859 pars
188 1790 285 1845 mundi
295 1799 322 1845 et
331 1792 418 1862 partis
427 1808 505 1863 pars,
527 1798 617 1862 potest
626 1808 675 1862 per
684 1807 714 1846 se
725 1799 807 1862 atque
816 1807 852 1844 ex

45 1865 152 1918 virtute
165 1863 224 1918 sibi
239 1865 326 1920 indita
345 1882 511 1937 semperque
529 1865 652 1922 officiosa
670 1883 752 1939 opera
771 1866 852 1921 utilia

44 1938 180 2011 prudenti
191 1940 282 1996 animo
292 1940 396 2007 facere,
410 1958 460 1996 cur
468 1941 715 2013 providentia,illa
725 1941 851 1998 universi

45 2012 147 2069 mundi
162 2015 266 2080 anima,
288 2033 371 2088 aqua
386 2016 532 2072 rationales
543 2019 626 2072 etiam
635 2026 727 2090 partes
737 2033 851 2088 accepe-

44 2096 113 2144 runt
123 2105 183 2144 esse
198 2098 225 2145 et
235 2093 382 2154 exsistere.
403 2100 522 2163 nequeat
533 2091 623 2148 facere
633 2093 769 2164 quicquid
779 2092 849 2153 vult,

45 2165 118 2236 quin
133 2163 200 2219 ullis
214 2166 405 2222 instrumentis
423 2174 530 2232 utatur,
558 2168 608 2223 sed
626 2168 723 2222 intima
736 2184 850 2238 prorsus

45 2240 151 2295 virtute
161 2239 229 2294 sual
308 2310 315 2321 ι

104 2350 148 2403 46.
169 2335 265 2409 nonne
275 2351 361 2405 nimia
371 2350 486 2416 fiducia,
508 2352 593 2407 immo
604 2358 726 2405 extrema
736 2347 851 2402 audacia

45 2432 88 2479 est
104 2422 242 2497 denegare
257 2428 349 2498 sagaci
363 2421 555 2498 providentiae
570 2427 723 2498 sapientem
743 2422 851 2477 delibe-

45 2499 182 2559 rationem
200 2500 332 2572 operandi
347 2501 382 2557 ad
395 2502 619 2564 instructionem,
640 2499 748 2570 quoties
765 2498 851 2552 corri-

44 2591 112 2647 gere
123 2574 184 2629 vult
199 2583 284 2630 totum
299 2577 443 2632 hominum
457 2593 560 2651 genus,
581 2573 728 2629 intendens
742 2580 851 2627 ornatos

44 2650 75 2703 in
91 2666 124 2703 eo
139 2666 228 2703 mores
243 2650 352 2707 efficere
368 2670 399 2707 ac
409 2670 459 2724 per
467 2668 598 2723 pavorem
609 2666 640 2703 ac
650 2647 753 2702 donum
764 2646 851 2700 disci-

43 2723 209 2795 plinamque
232 2725 266 2780 ad
285 2726 410 2783 ordinem
429 2727 573 2781 decentem
592 2720 734 2778 invitans?
764 2723 851 2775 Instar

43 2800 182 2856 nimirum
202 2799 289 2859 bonae
310 2804 426 2859 nutricis
440 2816 527 2875 puero
542 2798 785 2873 diligentissimam
801 2812 851 2849 ou-
