2050 3100
156 228 204 281 let
400 235 518 281 rnrno
536 234 704 283 ruoeuns
839 229 955 295 [usna

155 334 279 466 [erelrliarp1
286 344 376 389 autem
391 336 459 391 milri
476 336 575 393 lectam
590 334 730 397 efficacius
744 352 830 405 quarn
845 336 874 389 in
892 353 956 407 spe-

155 427 217 465 cuo
232 428 259 464 v1
281 427 321 466 eo.

189 533 252 586 Ὤ.
283 528 427 599 Siquidem
447 530 544 583 timore
562 546 606 583 me
625 537 732 583 tantum
750 528 890 582 instruere
906 545 956 582 vo·

154 606 228 670 lens,
249 604 366 675 posuisti
382 620 426 657 me
441 604 470 657 in
485 620 581 659 securo
596 603 654 658 loco
671 610 698 657 et
716 602 844 673 aperiens
863 602 956 675 expli-

154 681 236 735 cuisti
252 679 321 733 mihi
337 677 371 732 ad
386 686 526 733 externam
541 678 676 734 visionem
691 678 744 731 ceti
759 678 882 732 immane
896 694 956 731 cor·

154 772 220 827 pus,
246 753 321 825 quod
341 770 357 807 a
375 768 456 809 caeco
474 768 525 807 suo
544 762 640 813 ventre
660 752 802 824 expulit*)
821 752 955 807 terrificas

153 846 248 883 omnes
259 830 395 892 visiones,
410 845 481 900 quae
491 836 623 901 apparent
633 829 662 881 in
672 826 803 881 tenebris.
834 827 873 881 De
884 827 955 883 dno·

154 902 206 957 hus
217 903 309 974 itaque
321 902 408 959 debeo
418 903 470 957 tibi
481 903 591 967 laudes,
613 911 673 956 tum
686 901 761 973 quod
775 918 809 957 ex
819 904 953 975 gestantis

153 995 197 1032 me
210 978 264 1036 ceti
280 976 410 1033 dentibus
425 979 566 1041 exemisti,
581 973 618 1052 [*]
629 986 689 1032 tum
702 976 777 1049 quod
791 984 954 1033 cunctarum

153 1053 271 1107 [ererum
285 1050 375 1107 minas
385 1054 524 1125 superavi.
564 1052 679 1124 Respice
689 1068 768 1125 ergo,
784 1069 904 1124 quaeso,
920 1052 953 1106 ad

153 1144 247 1201 preces
262 1129 407 1199 utriusque
422 1130 506 1183 nostri
520 1144 570 1199 per
584 1127 689 1199 duplex
699 1127 774 1183 vocis
784 1128 954 1183 instrumen-

153 1213 211 1259 tum
222 1204 273 1261 tibi
284 1212 394 1276 propter
404 1220 454 1258 nos
465 1202 694 1275 supplicationem
705 1218 846 1267 exercens,
855 1211 953 1257 etcon·

153 1278 220 1334 cede
235 1279 305 1333 mihi
316 1278 428 1339 liberari
439 1295 474 1332 ex
484 1277 654 1333 tenebricoso
665 1277 802 1350 ergastulo
812 1286 897 1348 atque
907 1295 952 1333 ce-

152 1361 180 1409 to
195 1354 348 1410 libertatem
363 1362 473 1425 pastus:
504 1370 558 1407 non
574 1353 649 1407 enim
663 1351 732 1407 milri
748 1352 909 1407 satisfacere
919 1353 953 1406 de

153 1429 216 1485 cibo
230 1430 342 1500 poterit,
364 1428 413 1499 qui
429 1428 511 1482 etiem
526 1435 636 1501 propter
647 1436 769 1484 nostrum
779 1428 887 1483 victum
898 1428 952 1482 sibi

154 1502 249 1560 cibum
260 1519 355 1581 parare
364 1502 516 1575 impeditus
527 1500 628 1577 est**l.

208 1631 252 1684 ΞΒ.
273 1629 349 1694 Scio,
367 1629 442 1701 quod
452 1628 580 1685 mandata
591 1627 657 1702 (tua)
667 1629 835 1700 contempsi,
852 1636 880 1682 et
890 1645 954 1700 gra·

153 1719 201 1757 ves
222 1705 333 1759 omnino
351 1705 476 1760 miserias
490 1705 690 1775 poenitentium
705 1704 808 1769 merui;
839 1719 955 1757 verum-

152 1787 243 1833 tamen
254 1779 403 1840 instructus
415 1777 577 1835 modestiam
587 1779 657 1833 mihi
668 1777 824 1834 conciliavi.
859 1777 953 1832 Didici

153 1869 207 1908 non
221 1870 303 1925 posse
318 1852 413 1925 fugere
428 1853 572 1919 obsculo,
593 1854 642 1925 qui
658 1854 750 1911 omnia
759 1851 836 1908 videt
846 1853 954 1925 quique

153 1945 203 1982 suo
214 1936 325 2001 aspectu
335 1927 530 1984 circumcludit
539 1930 644 1993 omnia,
665 1945 755 2001 neque
769 1925 848 1982 llocci
862 1927 955 1983 facere

152 2002 262 2058 divinas
277 2021 371 2069 voces,
394 2003 444 2058 sed
459 2005 552 2075 potius
566 2021 714 2076 persuasus
730 2020 829 2076 praeco
838 2002 868 2075 'sl
888 2003 954 2058 fiam

153 2086 215 2133 tuae
231 2078 354 2142 virtutis,
377 2077 483 2147 addens
498 2079 527 2134 in
542 2078 653 2134 Sacram
668 2078 838 2149 Scripturam
852 2094 954 2132 monu-

152 2162 275 2209 mentum
294 2170 344 2224 pro
364 2152 522 2226 legentibus
541 2153 575 2208 de
595 2154 648 2209 isto
667 2152 785 2227 fugitivo
800 2151 952 2226 propheta:

152 2229 201 2298 qui
218 2229 296 2282 navis
312 2229 371 2294 loco
385 2231 508 2302 suscepit
519 2229 635 2284 carceris
645 2237 754 2283 antrum
764 2227 839 2282 hunc
849 2235 953 2282 cetum.

161 2343 370 2357 W

202 2399 224 2448 ¹'l
238 2402 332 2444 Verbum
345 2402 418 2444 deerat
430 2406 452 2444 ln
465 2403 525 2446 Arm.
543 2404 602 2452 cod..
623 2405 680 2443 nude
696 2406 754 2443 totns
770 2412 847 2441 senne
863 2403 955 2441 usenh-

152 2451 198 2498 bet‚
221 2462 284 2500 quem
302 2457 416 2503 utcumque
434 2455 584 2504 expllcendum
601 2456 733 2501 counimus,
755 2453 815 2493 nolle
830 2451 907 2492 lasbltn
920 2463 955 2492 ra-

151 2502 209 2540 tlone
222 2513 299 2541 vocum
312 2507 389 2544 textus.
416 2504 496 2544 Auch.

201 2563 237 2612 ”l
253 2567 300 2605 Non
317 2577 364 2608 eum
382 2579 469 2610 securus
487 2571 512 2610 de
535 2581 598 2611 sensu
620 2572 685 2611 halac
707 2571 836 2617 emunctae.
859 2571 956 2610 mulne

152 2614 208 2658 quod
221 2616 268 2654 cod.
282 2615 301 2654 A
315 2617 393 2658 hebeat
409 2623 493 2660 tentum
507 2627 597 2670 propter
613 2626 717 2668 mamm,
740 2621 798 2671 qnod
814 2620 892 2660 vellem
910 2621 956 2670 lent

148 2665 236 2708 prepter
248 2673 295 2709 nos,
310 2665 347 2704 nbl
361 2667 378 2706 0
391 2669 472 2710 addidit
485 2673 550 2710 etlam
563 2673 630 2711 ddum
643 2683 661 2712 ι.
674 2673 756 2712 vlam.
782 2669 864 2710 Anuli.

151 2725 221 2810 codd„
234 2727 381 2814 {epghvocem
395 2744 491 2784 suppono
505 2739 530 2777 ut
541 2739 692 2786 necaeerlem,
711 2747 839 2788 qumquam
853 2737 919 2778 eoem
933 2739 954 2776 tn
