2050 3100
150 117 201 172 252
273 120 466 168 PHIL.1UD.
487 118 649 175 QUAEST.
667 118 719 162 ΕΤ
737 117 814 162 sols
840 111 953 178 [11,tta.]

190 221 320 276 asonitus
331 219 401 276 airis
411 227 465 282 est,
482 218 532 273 sed
542 219 598 272 iam
608 216 696 282 dicta,
707 234 779 289 quae
789 219 897 273 incerta
907 221 953 274 in-

171 295 335 365 ifferensque
345 302 402 349 erat
411 295 440 348 in
454 294 566 366 propria
579 291 791 365 significatione.
831 292 951 366 Signifi-

151 371 220 426 catio
231 378 272 424 est
281 378 372 424 eutem
382 369 502 424 ostensio
511 371 575 440 piae
584 367 748 432 voluntatis,
764 384 837 439 quoe
847 385 952 423 conve-

150 448 192 501 nit
201 444 289 499 indoli
299 445 444 517 religiosae
455 442 605 499 fertilitatis
614 441 824 515 dignitatisque.
845 442 953 510 Quem-

151 521 245 576 obrem
254 519 350 575 iterato
360 536 472 574 sumens
482 517 527 572 bis
538 525 653 589 usurpat
665 516 783 573 dictum:
818 519 890 580 Vox,
905 521 952 572 in-

150 596 262 667 quiens,
278 612 331 649 oon
339 595 430 658 Iacob,
441 611 535 648 manus
544 602 630 648 autem
637 609 730 647 mansas
738 593 824 656 Etcsr
849 592 952 648 obum-

149 668 267 733 brando,
288 668 531 740 quodnenvocem
542 667 786 738 qualemcumque,
805 666 952 723 sedistam
1011 728 1012 731 Ἴ

150 745 252 808 laudat,
267 751 298 798 ut
307 743 441 816 promisit,
455 740 492 817 [Ἴ
503 741 831 798 inventionembonorum
837 759 953 798 essese-

150 820 272 876 cundum
287 819 383 883 deum,
403 835 474 890 quae
488 817 600 873 diverse
609 825 667 873 erat
677 835 692 872 e
702 833 777 872 more
787 815 952 889 indiscipli-

149 904 225 959 neto,
237 894 381 950 familiaris
391 900 482 948 autem
492 893 636 967 religioso,
650 893 700 964 qui
709 890 833 947 studium
845 891 951 948 laboris

149 1150 235 1202 ‘santis
245 1151 346 1211 aerem,
368 1146 418 1202 sed
431 1163 481 1217 pro
492 1162 587 1201 casum
599 1145 701 1200 dictem
714 1144 808 1218 (nmrq.
820 1163 871 1218 pro
880 1164 955 1202 casu

149 1222 310 1295 vindictam)
321 1231 348 1276 et
361 1221 507 1277 habentem
521 1221 701 1276 differentiam
715 1237 766 1292 pro
779 1238 830 1277 suo
840 1222 950 1278 iudicio

149 1297 242 1368 (morq.
263 1297 387 1370 indicio).
436 1298 593 1370 Designatio
616 1298 689 1352 enim
708 1296 820 1367 pietatis
838 1306 882 1352 est
900 1296 950 1370 (et)

149 1380 296 1442 spontanea
310 1371 410 1444 figure,
437 1389 557 1444 congrua
576 1372 734 1428 exercitoris
752 1370 847 1443 (uterq.
866 1389 950 1427 exer-

149 1445 263 1517 citoriis)
273 1446 396 1500 moribus
408 1447 590 1512 continentia,
609 1446 712 1519 quibus
721 1445 910 1503 benivolentia
919 1458 950 1503 et

148 1519 277 1575 sanctitas
291 1521 429 1586 oriuntur,
453 1521 538 1576 huius
552 1523 640 1595 gratia
654 1523 949 1594 recuperavit'sermo-

148 1612 210 1650 nem
221 1594 330 1650 dicens:
355 1598 410 1651 Voto
420 1601 522 1665 quidem
531 1615 584 1651 ooo
595 1599 686 1663 Iacob,
707 1616 800 1653 manus
812 1616 873 1653 cero
887 1617 949 1654 mo-
1011 1637 1012 1650 ³

147 1687 196 1725 nus
207 1670 291 1737 maa·
311 1670 491 1737 subnitendo,
513 1672 588 1743 quod
602 1690 656 1728 non
671 1690 767 1728 vocem
779 1674 946 1745 quamlibet,
1011 1679 1012 1704 ³

147 1744 266 1798 sedeam
278 1743 384 1810 laudat,
406 1763 476 1817 quae
491 1747 615 1818 professa
629 1757 671 1804 est
684 1749 787 1804 tutoris
796 1766 859 1804 esse
868 1766 948 1805 emo-

147 1819 268 1874 lumenta
278 1819 425 1886 bonorum,
437 1822 512 1894 quod
522 1831 580 1879 erat
590 1823 711 1877 alienum
720 1824 813 1895 previ,
825 1841 947 1895 pravum
1011 1883 1012 1888 χ

147 1910 212 1948 vero
222 1895 417 1951 continentiam
427 1896 564 1952 studentis
575 1907 601 1953 ct
611 1899 753 1956 exercitati
762 1916 812 1971 pro
824 1898 947 1955 libidine

147 1968 248 2023 doloris
264 1969 391 2043 eligentis
406 1971 477 2027 benc
491 1974 577 2027 vitam
591 1973 731 2029 utiliorem
749 1981 776 2030 ct
789 1976 946 2045 preciosam

147 2043 279 2107 credenti.
319 2044 445 2117 *lMoous
464 2057 555 2103 autem
572 2056 688 2119 possunt
706 2066 767 2105 csse
785 2048 890 2104 indocti
909 2049 946 2104 ed

146 2118 315 2185 effecturam,
328 2122 413 2178 multe
423 2124 497 2178 enim
509 2122 660 2178 inofficiose
670 2132 775 2180 tentant
783 2141 873 2197 egere,
889 2142 945 2179 non

146 2211 181 2249 ex
191 2194 346 2269 integritate
357 2198 460 2266 cordis,
483 2198 629 2269 aliquoties
639 2199 872 2272 enimetreligato
886 2200 946 2254 sibi

145 2271 225 2342 previ
240 2272 383 2337 resistunt,
406 2282 432 2327 et
445 2274 581 2327 senectuti
598 2272 739 2339 deferunt,
760 2283 787 2329 et
805 2275 945 2329 amicitiae

145 2346 206 2400 iura
217 2354 387 2403 conservant.
428 2348 483 2403 Sed
493 2348 562 2403 haec
575 2366 625 2419 pro
638 2366 689 2403 sua
702 2350 817 2404 avaritia
830 2358 942 2421 gerunt,

145 2428 176 2475 ut
186 2430 290 2494 captata
301 2424 501 2495 opportunitate
512 2423 647 2494 quosdam
660 2424 779 2496 amplius
789 2424 942 2496 decipiant.

145 2496 183 2549 lta
194 2496 327 2554 falluntur
336 2499 428 2553 minus
438 2497 524 2553 sobrii
534 2498 642 2553 modico
652 2500 808 2554 testimonio
820 2499 941 2565 seducti,

195 2670 216 2717 ¹)
230 2670 290 2721 Qum
303 2672 380 2715 abhinc
392 2676 510 2723 sequuntur
522 2672 544 2711 tn
557 2672 598 2710 bec
610 2680 705 2720 persar„
726 2673 803 2713 (luunt
815 2674 837 2713 tu
849 2672 912 2713 Arm.
