<?xml version="1.0" encoding="UTF-8"?>
<!DOCTYPE html PUBLIC "-//W3C//DTD XHTML 1.0 Transitional//EN"
    "http://www.w3.org/TR/xhtml1/DTD/xhtml1-transitional.dtd">
<html xmlns="http://www.w3.org/1999/xhtml" xml:lang="en" lang="en">
 <head>
  <title>
</title>
<meta http-equiv="Content-Type" content="text/html;charset=utf-8" />
  <meta name='ocr-system' content='tesseract 3.04.00' />
  <meta name='ocr-capabilities' content='ocr_page ocr_carea ocr_par ocr_line ocrx_word'/>
</head>
<body>
  <div class='ocr_page' id='page_1' title='image "./operaomniaadlib02philgoog/operaomniaadlib02philgoog_0160.png"; bbox 0 0 2050 3100; ppageno 0'>
   <div class='ocr_carea' id='block_1_1' title="bbox 5 374 7 487">
    <p class='ocr_par' dir='ltr' id='par_1_1' title="bbox 5 374 7 487">
     <span class='ocr_line' id='line_1_1' title="bbox 5 374 6 417; baseline 0 0"><span class='ocrx_word' id='word_1_1' title='bbox 5 374 6 417; x_wconf 89' lang='lat' dir='ltr'>l</span> 
     </span>
     <span class='ocr_line' id='line_1_2' title="bbox 5 434 7 487; baseline 0 0"><span class='ocrx_word' id='word_1_2' title='bbox 5 434 7 487; x_wconf 89' lang='lat' dir='ltr'>l</span> 
     </span>
    </p>
   </div>
   <div class='ocr_carea' id='block_1_2' title="bbox 60 161 866 227">
    <p class='ocr_par' dir='ltr' id='par_1_2' title="bbox 60 161 866 227">
     <span class='ocr_line' id='line_1_3' title="bbox 60 161 866 227; baseline 0 -14"><span class='ocrx_word' id='word_1_3' title='bbox 60 163 105 227; x_wconf 90' lang='lat' dir='ltr'>[n,</span> <span class='ocrx_word' id='word_1_4' title='bbox 119 161 179 226; x_wconf 69' lang='lat' dir='ltr'>sti]</span> <span class='ocrx_word' id='word_1_5' title='bbox 248 167 289 212; x_wconf 77' lang='lat' dir='ltr'>ru</span> <span class='ocrx_word' id='word_1_6' title='bbox 309 166 485 213; x_wconf 72' lang='lat' dir='ltr'>Genesin.</span> <span class='ocrx_word' id='word_1_7' title='bbox 504 168 633 213; x_wconf 75' lang='lat' dir='ltr'>annuo</span> <span class='ocrx_word' id='word_1_8' title='bbox 650 168 693 215; x_wconf 76' lang='grc' dir='ltr'>ιν,</span> <span class='ocrx_word' id='word_1_9' title='bbox 819 163 866 215; x_wconf 75' lang='lat' dir='ltr'>tta</span> 
     </span>
    </p>
   </div>
   <div class='ocr_carea' id='block_1_3' title="bbox 60 266 869 563">
    <p class='ocr_par' dir='ltr' id='par_1_3' title="bbox 60 266 869 563">
     <span class='ocr_line' id='line_1_4' title="bbox 60 266 868 339; baseline 0.001 -17"><span class='ocrx_word' id='word_1_10' title='bbox 60 267 190 337; x_wconf 76' lang='lat' dir='ltr'>dicitque</span> <span class='ocrx_word' id='word_1_11' title='bbox 199 266 321 321; x_wconf 90' lang='lat' dir='ltr'>monitus</span> <span class='ocrx_word' id='word_1_12' title='bbox 332 266 416 323; x_wconf 88' lang='lat' dir='ltr'>verbo</span> <span class='ocrx_word' id='word_1_13' title='bbox 426 267 474 323; x_wconf 89' lang='lat' dir='ltr'>illo</span> <span class='ocrx_word' id='word_1_14' title='bbox 486 270 541 321; x_wconf 77' lang='lat' dir='ltr'>bibe</span> <span class='ocrx_word' id='word_1_15' title='bbox 554 278 595 331; x_wconf 84' lang='lat' dir='ltr'>tu,</span> <span class='ocrx_word' id='word_1_16' title='bbox 616 267 691 339; x_wconf 92' lang='lat' dir='ltr'>quod</span> <span class='ocrx_word' id='word_1_17' title='bbox 704 276 763 323; x_wconf 87' lang='lat' dir='ltr'>erat</span> <span class='ocrx_word' id='word_1_18' title='bbox 776 268 868 323; x_wconf 90' lang='lat' dir='ltr'>disoe-</span> 
     </span>
     <span class='ocr_line' id='line_1_5' title="bbox 62 340 869 413; baseline 0.001 -17"><span class='ocrx_word' id='word_1_19' title='bbox 62 360 106 408; x_wconf 89' lang='lat' dir='ltr'>re;</span> <span class='ocrx_word' id='word_1_20' title='bbox 135 349 218 411; x_wconf 87' lang='lat' dir='ltr'>atque</span> <span class='ocrx_word' id='word_1_21' title='bbox 228 340 302 398; x_wconf 86' lang='lat' dir='ltr'>vidit</span> <span class='ocrx_word' id='word_1_22' title='bbox 312 341 430 396; x_wconf 88' lang='lat' dir='ltr'>camelos</span> <span class='ocrx_word' id='word_1_23' title='bbox 440 350 559 412; x_wconf 81' lang='lat' dir='ltr'>potatos,</span> <span class='ocrx_word' id='word_1_24' title='bbox 576 351 643 413; x_wconf 87' lang='lat' dir='ltr'>puta</span> <span class='ocrx_word' id='word_1_25' title='bbox 653 344 812 398; x_wconf 90' lang='lat' dir='ltr'>memoriam</span> <span class='ocrx_word' id='word_1_26' title='bbox 823 344 869 397; x_wconf 89' lang='lat' dir='ltr'>vi-</span> 
     </span>
     <span class='ocr_line' id='line_1_6' title="bbox 63 417 867 489; baseline 0.001 -18"><span class='ocrx_word' id='word_1_27' title='bbox 63 417 172 471; x_wconf 87' lang='lat' dir='ltr'>vaciter</span> <span class='ocrx_word' id='word_1_28' title='bbox 196 423 347 470; x_wconf 81' lang='lat' dir='ltr'>recreatam</span> <span class='ocrx_word' id='word_1_29' title='bbox 370 446 408 464; x_wconf 92' lang='grc'>-.-</span> <span class='ocrx_word' id='word_1_30' title='bbox 430 417 582 488; x_wconf 84' lang='lat' dir='ltr'>gratiarum</span> <span class='ocrx_word' id='word_1_31' title='bbox 605 418 754 481; x_wconf 81' lang='lat' dir='ltr'>actionem,</span> <span class='ocrx_word' id='word_1_32' title='bbox 784 426 867 489; x_wconf 86' lang='lat' dir='ltr'>atque</span> 
     </span>
     <span class='ocr_line' id='line_1_7' title="bbox 64 488 865 563; baseline 0.001 -17"><span class='ocrx_word' id='word_1_33' title='bbox 64 492 170 563; x_wconf 83' lang='lat' dir='ltr'>gratias</span> <span class='ocrx_word' id='word_1_34' title='bbox 186 488 270 545; x_wconf 85' lang='lat' dir='ltr'>refert</span> <span class='ocrx_word' id='word_1_35' title='bbox 283 490 415 562; x_wconf 89' lang='lat' dir='ltr'>magistro</span> <span class='ocrx_word' id='word_1_36' title='bbox 429 507 493 546; x_wconf 90' lang='lat' dir='ltr'>cum</span> <span class='ocrx_word' id='word_1_37' title='bbox 506 507 620 545; x_wconf 89' lang='lat' dir='ltr'>munere</span> <span class='ocrx_word' id='word_1_38' title='bbox 639 490 865 556; x_wconf 85' lang='lat' dir='ltr'>familiarissimo,</span> 
     </span>
    </p>
   </div>
   <div class='ocr_carea' id='block_1_4' title="bbox 5 564 866 641">
    <p class='ocr_par' dir='ltr' id='par_1_4' title="bbox 5 564 866 641">
     <span class='ocr_line' id='line_1_8' title="bbox 5 564 866 641; baseline 0.002 -22"><span class='ocrx_word' id='word_1_39' title='bbox 5 606 7 641; x_wconf 44' lang='grc' dir='ltr'>Ξ</span> <span class='ocrx_word' id='word_1_40' title='bbox 64 582 115 636; x_wconf 87' lang='lat' dir='ltr'>pro</span> <span class='ocrx_word' id='word_1_41' title='bbox 130 564 235 625; x_wconf 85' lang='lat' dir='ltr'>auditis</span> <span class='ocrx_word' id='word_1_42' title='bbox 251 564 405 636; x_wconf 88' lang='lat' dir='ltr'>rependens</span> <span class='ocrx_word' id='word_1_43' title='bbox 419 566 530 622; x_wconf 87' lang='lat' dir='ltr'>inaures</span> <span class='ocrx_word' id='word_1_44' title='bbox 550 565 729 621; x_wconf 87' lang='lat' dir='ltr'>adornatum</span> <span class='ocrx_word' id='word_1_45' title='bbox 748 568 866 631; x_wconf 89' lang='lat' dir='ltr'>aurium,</span> 
     </span>
    </p>
   </div>
   <div class='ocr_carea' id='block_1_5' title="bbox 65 638 870 862">
    <p class='ocr_par' dir='ltr' id='par_1_5' title="bbox 65 638 870 862">
     <span class='ocr_line' id='line_1_9' title="bbox 65 638 869 713; baseline 0.004 -20"><span class='ocrx_word' id='word_1_46' title='bbox 65 657 154 710; x_wconf 92' lang='lat' dir='ltr'>quum</span> <span class='ocrx_word' id='word_1_47' title='bbox 170 638 289 693; x_wconf 88' lang='lat' dir='ltr'>verbum</span> <span class='ocrx_word' id='word_1_48' title='bbox 304 647 361 696; x_wconf 82' lang='lat' dir='ltr'>erat</span> <span class='ocrx_word' id='word_1_49' title='bbox 375 639 498 697; x_wconf 83' lang='lat' dir='ltr'>dooentis</span> <span class='ocrx_word' id='word_1_50' title='bbox 514 647 541 694; x_wconf 91' lang='lat' dir='ltr'>et</span> <span class='ocrx_word' id='word_1_51' title='bbox 555 641 629 696; x_wconf 87' lang='lat' dir='ltr'>auris</span> <span class='ocrx_word' id='word_1_52' title='bbox 644 642 804 713; x_wconf 87' lang='lat' dir='ltr'>recipientis</span> <span class='ocrx_word' id='word_1_53' title='bbox 818 642 869 696; x_wconf 85' lang='lat' dir='ltr'>do.-</span> 
     </span>
     <span class='ocr_line' id='line_1_10' title="bbox 67 713 870 785; baseline 0.002 -17"><span class='ocrx_word' id='word_1_54' title='bbox 67 716 200 781; x_wconf 88' lang='lat' dir='ltr'>otrinam;</span> <span class='ocrx_word' id='word_1_55' title='bbox 226 730 276 783; x_wconf 94' lang='lat' dir='ltr'>pro</span> <span class='ocrx_word' id='word_1_56' title='bbox 291 721 380 769; x_wconf 89' lang='lat' dir='ltr'>autem</span> <span class='ocrx_word' id='word_1_57' title='bbox 395 730 477 785; x_wconf 88' lang='lat' dir='ltr'>opere</span> <span class='ocrx_word' id='word_1_58' title='bbox 488 713 560 771; x_wconf 81' lang='lat' dir='ltr'>iacto</span> <span class='ocrx_word' id='word_1_59' title='bbox 569 718 740 771; x_wconf 88' lang='lat' dir='ltr'>monumenti</span> <span class='ocrx_word' id='word_1_60' title='bbox 751 716 810 772; x_wconf 87' lang='lat' dir='ltr'>loeo</span> <span class='ocrx_word' id='word_1_61' title='bbox 819 716 870 770; x_wconf 88' lang='lat' dir='ltr'>da-</span> 
     </span>
     <span class='ocr_line' id='line_1_11' title="bbox 67 787 840 862; baseline 0.005 -22"><span class='ocrx_word' id='word_1_62' title='bbox 67 798 111 844; x_wconf 84' lang='lat' dir='ltr'>tae</span> <span class='ocrx_word' id='word_1_63' title='bbox 119 797 187 845; x_wconf 84' lang='lat' dir='ltr'>sunt</span> <span class='ocrx_word' id='word_1_64' title='bbox 197 787 321 849; x_wconf 76' lang='lat' dir='ltr'>armillae</span> <span class='ocrx_word' id='word_1_65' title='bbox 331 797 362 848; x_wconf 90' lang='lat' dir='ltr'>ut</span> <span class='ocrx_word' id='word_1_66' title='bbox 370 797 529 849; x_wconf 85' lang='lat' dir='ltr'>ornamenta</span> <span class='ocrx_word' id='word_1_67' title='bbox 539 792 685 847; x_wconf 88' lang='lat' dir='ltr'>memoriae</span> <span class='ocrx_word' id='word_1_68' title='bbox 696 800 723 847; x_wconf 90' lang='lat' dir='ltr'>et</span> <span class='ocrx_word' id='word_1_69' title='bbox 732 808 840 862; x_wconf 79' lang='lat' dir='ltr'>operae.</span> 
     </span>
    </p>
   </div>
   <div class='ocr_carea' id='block_1_6' title="bbox 69 945 872 1147">
    <p class='ocr_par' dir='ltr' id='par_1_6' title="bbox 69 945 872 1147">
     <span class='ocr_line' id='line_1_12' title="bbox 69 945 870 1013; baseline 0.001 -17"><span class='ocrx_word' id='word_1_70' title='bbox 69 946 118 996; x_wconf 76' lang='lat' dir='ltr'>Gur</span> <span class='ocrx_word' id='word_1_71' title='bbox 139 946 238 998; x_wconf 77' lang='lat' dir='ltr'>inaurea</span> <span class='ocrx_word' id='word_1_72' title='bbox 259 945 316 996; x_wconf 81' lang='lat' dir='ltr'>dieit</span> <span class='ocrx_word' id='word_1_73' title='bbox 336 962 366 995; x_wconf 79' lang='lat' dir='ltr'>ex</span> <span class='ocrx_word' id='word_1_74' title='bbox 386 946 501 997; x_wconf 73' lang='lat' dir='ltr'>drachma</span> <span class='ocrx_word' id='word_1_75' title='bbox 524 950 558 1010; x_wconf 80' lang='lat' dir='ltr'>(a.</span> <span class='ocrx_word' id='word_1_76' title='bbox 578 948 765 1013; x_wconf 68' lang='lat' dir='ltr'>didrachmol&#39;)</span> <span class='ocrx_word' id='word_1_77' title='bbox 779 949 870 1013; x_wconf 79' lang='lat' dir='ltr'>ponde-</span> 
     </span>
     <span class='ocr_line' id='line_1_13' title="bbox 134 1012 872 1079; baseline 0.005 -18"><span class='ocrx_word' id='word_1_78' title='bbox 134 1014 180 1075; x_wconf 74' lang='lat' dir='ltr'>n&#39;e,</span> <span class='ocrx_word' id='word_1_79' title='bbox 209 1012 316 1062; x_wconf 77' lang='lat' dir='ltr'>armillas</span> <span class='ocrx_word' id='word_1_80' title='bbox 342 1023 418 1075; x_wconf 71' lang='lat' dir='ltr'>autem</span> <span class='ocrx_word' id='word_1_81' title='bbox 445 1030 474 1063; x_wconf 75' lang='lat' dir='ltr'>es</span> <span class='ocrx_word' id='word_1_82' title='bbox 500 1014 579 1063; x_wconf 76' lang='lat' dir='ltr'>decem</span> <span class='ocrx_word' id='word_1_83' title='bbox 600 1031 671 1079; x_wconf 84' lang='lat' dir='ltr'>auro,</span> <span class='ocrx_word' id='word_1_84' title='bbox 699 1033 745 1069; x_wconf 79' lang='lat' dir='ltr'>noo</span> <span class='ocrx_word' id='word_1_85' title='bbox 765 1033 820 1065; x_wconf 83' lang='lat' dir='ltr'>vero</span> <span class='ocrx_word' id='word_1_86' title='bbox 842 1033 872 1065; x_wconf 77' lang='lat' dir='ltr'>ex</span> 
     </span>
     <span class='ocr_line' id='line_1_14' title="bbox 135 1080 530 1147; baseline 0.003 -18"><span class='ocrx_word' id='word_1_87' title='bbox 135 1081 241 1145; x_wconf 79' lang='lat' dir='ltr'>quinque</span> <span class='ocrx_word' id='word_1_88' title='bbox 258 1080 360 1144; x_wconf 81' lang='lat' dir='ltr'>quinque</span> <span class='ocrx_word' id='word_1_89' title='bbox 377 1085 452 1131; x_wconf 73' lang='lat' dir='ltr'>auro?</span> <span class='ocrx_word' id='word_1_90' title='bbox 470 1082 530 1147; x_wconf 89' lang='lat' dir='ltr'>(ib.)</span> 
     </span>
    </p>
   </div>
   <div class='ocr_carea' id='block_1_7' title="bbox 69 1180 878 2524">
    <p class='ocr_par' dir='ltr' id='par_1_7' title="bbox 69 1180 878 2524">
     <span class='ocr_line' id='line_1_15' title="bbox 127 1180 872 1253; baseline 0.001 -18"><span class='ocrx_word' id='word_1_91' title='bbox 127 1185 188 1235; x_wconf 85' lang='lat' dir='ltr'>tto.</span> <span class='ocrx_word' id='word_1_92' title='bbox 209 1180 320 1252; x_wconf 89' lang='lat' dir='ltr'>Optime</span> <span class='ocrx_word' id='word_1_93' title='bbox 329 1181 384 1236; x_wconf 92' lang='lat' dir='ltr'>duo</span> <span class='ocrx_word' id='word_1_94' title='bbox 395 1181 486 1237; x_wconf 84' lang='lat' dir='ltr'>divisa</span> <span class='ocrx_word' id='word_1_95' title='bbox 501 1182 613 1238; x_wconf 84' lang='lat' dir='ltr'>reduxit</span> <span class='ocrx_word' id='word_1_96' title='bbox 627 1184 657 1236; x_wconf 89' lang='lat' dir='ltr'>in</span> <span class='ocrx_word' id='word_1_97' title='bbox 671 1180 821 1253; x_wconf 82' lang='lat' dir='ltr'>unum**),</span> <span class='ocrx_word' id='word_1_98' title='bbox 842 1192 872 1236; x_wconf 90' lang='lat' dir='ltr'>ut</span> 
     </span>
     <span class='ocr_line' id='line_1_16' title="bbox 69 1256 873 1329; baseline -0.002 -18"><span class='ocrx_word' id='word_1_99' title='bbox 69 1272 186 1329; x_wconf 86' lang='lat' dir='ltr'>pravam</span> <span class='ocrx_word' id='word_1_100' title='bbox 201 1263 328 1311; x_wconf 85' lang='lat' dir='ltr'>naturam</span> <span class='ocrx_word' id='word_1_101' title='bbox 342 1256 483 1313; x_wconf 80' lang='lat' dir='ltr'>dualitatis</span> <span class='ocrx_word' id='word_1_102' title='bbox 499 1265 670 1313; x_wconf 83' lang='lat' dir='ltr'>commutans</span> <span class='ocrx_word' id='word_1_103' title='bbox 685 1256 795 1325; x_wconf 89' lang='lat' dir='ltr'>adaptet</span> <span class='ocrx_word' id='word_1_104' title='bbox 809 1272 873 1325; x_wconf 89' lang='lat' dir='ltr'>pro·</span> 
     </span>
     <span class='ocr_line' id='line_1_17' title="bbox 70 1330 872 1404; baseline -0.004 -18"><span class='ocrx_word' id='word_1_105' title='bbox 70 1332 149 1387; x_wconf 79' lang='lat' dir='ltr'>bileti</span> <span class='ocrx_word' id='word_1_106' title='bbox 164 1331 295 1400; x_wconf 80' lang='lat' dir='ltr'>unitatis3</span> <span class='ocrx_word' id='word_1_107' title='bbox 328 1331 382 1386; x_wconf 90' lang='lat' dir='ltr'>duo</span> <span class='ocrx_word' id='word_1_108' title='bbox 397 1348 462 1387; x_wconf 88' lang='lat' dir='ltr'>voro</span> <span class='ocrx_word' id='word_1_109' title='bbox 477 1332 627 1404; x_wconf 80' lang='lat' dir='ltr'>dereliquit</span> <span class='ocrx_word' id='word_1_110' title='bbox 643 1332 704 1386; x_wconf 88' lang='lat' dir='ltr'>sine</span> <span class='ocrx_word' id='word_1_111' title='bbox 723 1330 872 1384; x_wconf 84' lang='lat' dir='ltr'>divisione.</span> 
     </span>
     <span class='ocr_line' id='line_1_18' title="bbox 70 1404 873 1479; baseline -0.002 -18"><span class='ocrx_word' id='word_1_112' title='bbox 70 1405 207 1473; x_wconf 83' lang='lat' dir='ltr'>Quoniam</span> <span class='ocrx_word' id='word_1_113' title='bbox 224 1405 340 1479; x_wconf 88' lang='lat' dir='ltr'>(deeem)</span> <span class='ocrx_word' id='word_1_114' title='bbox 355 1406 535 1462; x_wconf 82' lang='lat' dir='ltr'>dividitur-in</span> <span class='ocrx_word' id='word_1_115' title='bbox 550 1408 675 1479; x_wconf 91' lang='lat' dir='ltr'>quinque</span> <span class='ocrx_word' id='word_1_116' title='bbox 689 1406 769 1469; x_wconf 83' lang='lat' dir='ltr'>bina,</span> <span class='ocrx_word' id='word_1_117' title='bbox 791 1404 873 1459; x_wconf 84' lang='lat' dir='ltr'>decas</span> 
     </span>
     <span class='ocr_line' id='line_1_19' title="bbox 71 1479 874 1553; baseline 0.001 -19"><span class='ocrx_word' id='word_1_118' title='bbox 71 1490 162 1535; x_wconf 89' lang='lat' dir='ltr'>autem</span> <span class='ocrx_word' id='word_1_119' title='bbox 173 1479 272 1535; x_wconf 86' lang='lat' dir='ltr'>melior</span> <span class='ocrx_word' id='word_1_120' title='bbox 282 1482 406 1553; x_wconf 87' lang='lat' dir='ltr'>quinque</span> <span class='ocrx_word' id='word_1_121' title='bbox 417 1498 531 1537; x_wconf 86' lang='lat' dir='ltr'>numero</span> <span class='ocrx_word' id='word_1_122' title='bbox 542 1491 596 1537; x_wconf 90' lang='lat' dir='ltr'>est:</span> <span class='ocrx_word' id='word_1_123' title='bbox 616 1482 665 1537; x_wconf 87' lang='lat' dir='ltr'>illa</span> <span class='ocrx_word' id='word_1_124' title='bbox 674 1481 749 1537; x_wconf 88' lang='lat' dir='ltr'>enim</span> <span class='ocrx_word' id='word_1_125' title='bbox 759 1488 800 1535; x_wconf 87' lang='lat' dir='ltr'>est</span> <span class='ocrx_word' id='word_1_126' title='bbox 809 1496 874 1553; x_wconf 89' lang='lat' dir='ltr'>per·</span> 
     </span>
     <span class='ocr_line' id='line_1_20' title="bbox 70 1556 875 1630; baseline -0.001 -18"><span class='ocrx_word' id='word_1_127' title='bbox 70 1556 242 1612; x_wconf 80' lang='lat' dir='ltr'>lectissimus</span> <span class='ocrx_word' id='word_1_128' title='bbox 253 1573 399 1622; x_wconf 84' lang='lat' dir='ltr'>numerus,</span> <span class='ocrx_word' id='word_1_129' title='bbox 410 1557 519 1628; x_wconf 83' lang='lat' dir='ltr'>plenior</span> <span class='ocrx_word' id='word_1_130' title='bbox 529 1567 556 1613; x_wconf 87' lang='lat' dir='ltr'>et</span> <span class='ocrx_word' id='word_1_131' title='bbox 566 1559 705 1630; x_wconf 85' lang='lat' dir='ltr'>superior,</span> <span class='ocrx_word' id='word_1_132' title='bbox 718 1563 800 1628; x_wconf 85' lang='lat' dir='ltr'>atque</span> <span class='ocrx_word' id='word_1_133' title='bbox 809 1573 875 1628; x_wconf 90' lang='lat' dir='ltr'>pro-</span> 
     </span>
     <span class='ocr_line' id='line_1_21' title="bbox 69 1631 872 1706; baseline -0.002 -20"><span class='ocrx_word' id='word_1_134' title='bbox 69 1633 149 1704; x_wconf 87' lang='lat' dir='ltr'>prius</span> <span class='ocrx_word' id='word_1_135' title='bbox 172 1631 279 1687; x_wconf 84' lang='lat' dir='ltr'>divinis</span> <span class='ocrx_word' id='word_1_136' title='bbox 300 1633 383 1686; x_wconf 89' lang='lat' dir='ltr'>etiam</span> <span class='ocrx_word' id='word_1_137' title='bbox 403 1633 547 1706; x_wconf 81' lang='lat' dir='ltr'>mysteriis</span> <span class='ocrx_word' id='word_1_138' title='bbox 566 1631 698 1704; x_wconf 84' lang='lat' dir='ltr'>(oraculis</span> <span class='ocrx_word' id='word_1_139' title='bbox 723 1631 872 1704; x_wconf 78' lang='lat' dir='ltr'>decalogi).</span> 
     </span>
     <span class='ocr_line' id='line_1_22' title="bbox 70 1707 875 1777; baseline -0.001 -17"><span class='ocrx_word' id='word_1_140' title='bbox 70 1707 202 1777; x_wconf 80' lang='lat' dir='ltr'>Quinque</span> <span class='ocrx_word' id='word_1_141' title='bbox 217 1721 282 1760; x_wconf 85' lang='lat' dir='ltr'>vero</span> <span class='ocrx_word' id='word_1_142' title='bbox 298 1723 429 1761; x_wconf 88' lang='lat' dir='ltr'>uumerus</span> <span class='ocrx_word' id='word_1_143' title='bbox 444 1723 574 1762; x_wconf 85' lang='lat' dir='ltr'>mensura</span> <span class='ocrx_word' id='word_1_144' title='bbox 587 1715 629 1762; x_wconf 89' lang='lat' dir='ltr'>est</span> <span class='ocrx_word' id='word_1_145' title='bbox 643 1725 789 1771; x_wconf 90' lang='lat' dir='ltr'>sensuum,</span> <span class='ocrx_word' id='word_1_146' title='bbox 810 1723 875 1760; x_wconf 89' lang='lat' dir='ltr'>sen-</span> 
     </span>
     <span class='ocr_line' id='line_1_23' title="bbox 71 1780 876 1837; baseline -0.001 -2"><span class='ocrx_word' id='word_1_147' title='bbox 71 1799 118 1835; x_wconf 88' lang='lat' dir='ltr'>sus</span> <span class='ocrx_word' id='word_1_148' title='bbox 134 1789 229 1835; x_wconf 87' lang='lat' dir='ltr'>autem</span> <span class='ocrx_word' id='word_1_149' title='bbox 244 1780 278 1835; x_wconf 90' lang='lat' dir='ltr'>ad</span> <span class='ocrx_word' id='word_1_150' title='bbox 291 1781 463 1836; x_wconf 82' lang='lat' dir='ltr'>intellectum</span> <span class='ocrx_word' id='word_1_151' title='bbox 473 1799 503 1837; x_wconf 89' lang='lat' dir='ltr'>se</span> <span class='ocrx_word' id='word_1_152' title='bbox 514 1782 597 1837; x_wconf 90' lang='lat' dir='ltr'>habet</span> <span class='ocrx_word' id='word_1_153' title='bbox 606 1784 678 1837; x_wconf 86' lang='lat' dir='ltr'>siout</span> <span class='ocrx_word' id='word_1_154' title='bbox 688 1783 776 1837; x_wconf 87' lang='lat' dir='ltr'>viator</span> <span class='ocrx_word' id='word_1_155' title='bbox 786 1780 821 1835; x_wconf 89' lang='lat' dir='ltr'>ad</span> <span class='ocrx_word' id='word_1_156' title='bbox 831 1797 876 1834; x_wconf 89' lang='lat' dir='ltr'>re-</span> 
     </span>
     <span class='ocr_line' id='line_1_24' title="bbox 70 1856 876 1929; baseline -0.001 -20"><span class='ocrx_word' id='word_1_157' title='bbox 70 1873 145 1929; x_wconf 89' lang='lat' dir='ltr'>gem.</span> <span class='ocrx_word' id='word_1_158' title='bbox 186 1857 297 1910; x_wconf 81' lang='lat' dir='ltr'>Insania</span> <span class='ocrx_word' id='word_1_159' title='bbox 317 1872 382 1928; x_wconf 89' lang='lat' dir='ltr'>ergo</span> <span class='ocrx_word' id='word_1_160' title='bbox 401 1856 500 1911; x_wconf 83' lang='lat' dir='ltr'>luisset</span> <span class='ocrx_word' id='word_1_161' title='bbox 519 1857 633 1911; x_wconf 88' lang='lat' dir='ltr'>meliora</span> <span class='ocrx_word' id='word_1_162' title='bbox 649 1859 678 1910; x_wconf 91' lang='lat' dir='ltr'>in</span> <span class='ocrx_word' id='word_1_163' title='bbox 692 1858 787 1927; x_wconf 89' lang='lat' dir='ltr'>peiora</span> <span class='ocrx_word' id='word_1_164' title='bbox 800 1872 876 1910; x_wconf 86' lang='lat' dir='ltr'>oom-</span> 
     </span>
     <span class='ocr_line' id='line_1_25' title="bbox 70 1928 877 1996; baseline -0.002 -10"><span class='ocrx_word' id='word_1_165' title='bbox 70 1939 189 1986; x_wconf 88' lang='lat' dir='ltr'>mutare.</span> <span class='ocrx_word' id='word_1_166' title='bbox 229 1928 318 1996; x_wconf 86' lang='lat' dir='ltr'>Quem</span> <span class='ocrx_word' id='word_1_167' title='bbox 332 1948 396 1985; x_wconf 90' lang='lat' dir='ltr'>vero</span> <span class='ocrx_word' id='word_1_168' title='bbox 409 1931 509 1986; x_wconf 88' lang='lat' dir='ltr'>habeat</span> <span class='ocrx_word' id='word_1_169' title='bbox 518 1939 643 1986; x_wconf 88' lang='lat' dir='ltr'>naturam</span> <span class='ocrx_word' id='word_1_170' title='bbox 652 1931 749 1996; x_wconf 84' lang='lat' dir='ltr'>decas,</span> <span class='ocrx_word' id='word_1_171' title='bbox 765 1941 822 1985; x_wconf 88' lang='lat' dir='ltr'>tam</span> <span class='ocrx_word' id='word_1_172' title='bbox 832 1948 877 1984; x_wconf 89' lang='lat' dir='ltr'>se-</span> 
     </span>
     <span class='ocr_line' id='line_1_26' title="bbox 71 2003 877 2080; baseline -0.002 -20"><span class='ocrx_word' id='word_1_173' title='bbox 71 2005 197 2061; x_wconf 81' lang='lat' dir='ltr'>oun&#39;dum</span> <span class='ocrx_word' id='word_1_174' title='bbox 207 2005 416 2077; x_wconf 79' lang='lat' dir='ltr'>intelligibilem</span> <span class='ocrx_word' id='word_1_175' title='bbox 429 2003 465 2080; x_wconf 82' lang='lat'>[*]</span> <span class='ocrx_word' id='word_1_176' title='bbox 477 2007 673 2071; x_wconf 87' lang='lat' dir='ltr'>substantiam,</span> <span class='ocrx_word' id='word_1_177' title='bbox 692 2022 776 2077; x_wconf 89' lang='lat' dir='ltr'>quam</span> <span class='ocrx_word' id='word_1_178' title='bbox 786 2006 877 2060; x_wconf 89' lang='lat' dir='ltr'>sensi-</span> 
     </span>
     <span class='ocr_line' id='line_1_27' title="bbox 72 2079 876 2152; baseline -0.002 -17"><span class='ocrx_word' id='word_1_179' title='bbox 72 2081 173 2144; x_wconf 91' lang='lat' dir='ltr'>bilem,</span> <span class='ocrx_word' id='word_1_180' title='bbox 195 2081 252 2134; x_wconf 86' lang='lat' dir='ltr'>ism</span> <span class='ocrx_word' id='word_1_181' title='bbox 266 2079 371 2134; x_wconf 89' lang='lat' dir='ltr'>dietum</span> <span class='ocrx_word' id='word_1_182' title='bbox 386 2089 427 2134; x_wconf 88' lang='lat' dir='ltr'>est</span> <span class='ocrx_word' id='word_1_183' title='bbox 441 2082 471 2134; x_wconf 90' lang='lat' dir='ltr'>in</span> <span class='ocrx_word' id='word_1_184' title='bbox 486 2079 572 2146; x_wconf 90' lang='lat' dir='ltr'>libro,</span> <span class='ocrx_word' id='word_1_185' title='bbox 592 2082 622 2135; x_wconf 93' lang='lat' dir='ltr'>in</span> <span class='ocrx_word' id='word_1_186' title='bbox 637 2098 692 2152; x_wconf 90' lang='lat' dir='ltr'>quo</span> <span class='ocrx_word' id='word_1_187' title='bbox 707 2081 742 2136; x_wconf 86' lang='lat' dir='ltr'>de</span> <span class='ocrx_word' id='word_1_188' title='bbox 753 2081 876 2137; x_wconf 87' lang='lat' dir='ltr'>numeris</span> 
     </span>
     <span class='ocr_line' id='line_1_28' title="bbox 72 2152 876 2226; baseline -0.002 -16"><span class='ocrx_word' id='word_1_189' title='bbox 72 2162 228 2210; x_wconf 77' lang='lat' dir='ltr'>autumest.</span> <span class='ocrx_word' id='word_1_190' title='bbox 257 2155 338 2209; x_wconf 84' lang='lat' dir='ltr'>Nune</span> <span class='ocrx_word' id='word_1_191' title='bbox 347 2163 438 2210; x_wconf 89' lang='lat' dir='ltr'>tamen</span> <span class='ocrx_word' id='word_1_192' title='bbox 448 2163 555 2211; x_wconf 88' lang='lat' dir='ltr'>tantum</span> <span class='ocrx_word' id='word_1_193' title='bbox 565 2164 607 2210; x_wconf 90' lang='lat' dir='ltr'>est</span> <span class='ocrx_word' id='word_1_194' title='bbox 617 2155 780 2219; x_wconf 85' lang='lat' dir='ltr'>dicendum,</span> <span class='ocrx_word' id='word_1_195' title='bbox 802 2152 876 2226; x_wconf 92' lang='lat' dir='ltr'>quod</span> 
     </span>
     <span class='ocr_line' id='line_1_29' title="bbox 73 2227 877 2286; baseline -0.004 -2"><span class='ocrx_word' id='word_1_196' title='bbox 73 2238 100 2284; x_wconf 86' lang='lat' dir='ltr'>et</span> <span class='ocrx_word' id='word_1_197' title='bbox 118 2230 150 2282; x_wconf 92' lang='lat' dir='ltr'>in</span> <span class='ocrx_word' id='word_1_198' title='bbox 170 2227 276 2283; x_wconf 89' lang='lat' dir='ltr'>mundo</span> <span class='ocrx_word' id='word_1_199' title='bbox 294 2228 391 2284; x_wconf 87' lang='lat' dir='ltr'>decem</span> <span class='ocrx_word' id='word_1_200' title='bbox 410 2239 475 2285; x_wconf 88' lang='lat' dir='ltr'>sunt</span> <span class='ocrx_word' id='word_1_201' title='bbox 493 2231 586 2286; x_wconf 88' lang='lat' dir='ltr'>omnia</span> <span class='ocrx_word' id='word_1_202' title='bbox 600 2239 627 2285; x_wconf 88' lang='lat' dir='ltr'>et</span> <span class='ocrx_word' id='word_1_203' title='bbox 640 2232 671 2284; x_wconf 91' lang='lat' dir='ltr'>in</span> <span class='ocrx_word' id='word_1_204' title='bbox 685 2230 808 2285; x_wconf 87' lang='lat' dir='ltr'>homine.</span> <span class='ocrx_word' id='word_1_205' title='bbox 846 2230 877 2282; x_wconf 93' lang='lat' dir='ltr'>ln</span> 
     </span>
     <span class='ocr_line' id='line_1_30' title="bbox 72 2302 878 2378; baseline -0.005 -19"><span class='ocrx_word' id='word_1_206' title='bbox 72 2303 179 2359; x_wconf 91' lang='lat' dir='ltr'>mundo</span> <span class='ocrx_word' id='word_1_207' title='bbox 189 2303 305 2374; x_wconf 90' lang='lat' dir='ltr'>quidem</span> <span class='ocrx_word' id='word_1_208' title='bbox 315 2305 463 2376; x_wconf 89' lang='lat' dir='ltr'>septenarii</span> <span class='ocrx_word' id='word_1_209' title='bbox 474 2304 635 2378; x_wconf 83' lang='lat' dir='ltr'>(planetae),</span> <span class='ocrx_word' id='word_1_210' title='bbox 648 2313 674 2360; x_wconf 90' lang='lat' dir='ltr'>et</span> <span class='ocrx_word' id='word_1_211' title='bbox 684 2313 797 2359; x_wconf 85' lang='lat' dir='ltr'>octavus</span> <span class='ocrx_word' id='word_1_212' title='bbox 808 2302 878 2356; x_wconf 83' lang='lat' dir='ltr'>fixo-</span> 
     </span>
     <span class='ocr_line' id='line_1_31' title="bbox 73 2377 875 2451; baseline -0.002 -20"><span class='ocrx_word' id='word_1_213' title='bbox 73 2395 136 2432; x_wconf 89' lang='lat' dir='ltr'>rum</span> <span class='ocrx_word' id='word_1_214' title='bbox 157 2377 273 2450; x_wconf 78' lang='lat' dir='ltr'>globus,</span> <span class='ocrx_word' id='word_1_215' title='bbox 295 2386 322 2434; x_wconf 91' lang='lat' dir='ltr'>et</span> <span class='ocrx_word' id='word_1_216' title='bbox 339 2397 411 2451; x_wconf 87' lang='lat' dir='ltr'>quae</span> <span class='ocrx_word' id='word_1_217' title='bbox 430 2380 483 2434; x_wconf 87' lang='lat' dir='ltr'>sub</span> <span class='ocrx_word' id='word_1_218' title='bbox 503 2380 570 2435; x_wconf 90' lang='lat' dir='ltr'>luna</span> <span class='ocrx_word' id='word_1_219' title='bbox 584 2387 649 2433; x_wconf 87' lang='lat' dir='ltr'>sunt</span> <span class='ocrx_word' id='word_1_220' title='bbox 662 2381 746 2434; x_wconf 91' lang='lat' dir='ltr'>unius</span> <span class='ocrx_word' id='word_1_221' title='bbox 761 2377 875 2449; x_wconf 87' lang='lat' dir='ltr'>speciei,</span> 
     </span>
     <span class='ocr_line' id='line_1_32' title="bbox 74 2452 878 2524; baseline -0.006 -17"><span class='ocrx_word' id='word_1_222' title='bbox 74 2452 223 2508; x_wconf 85' lang='lat' dir='ltr'>mutabilia</span> <span class='ocrx_word' id='word_1_223' title='bbox 237 2469 287 2524; x_wconf 89' lang='lat' dir='ltr'>per</span> <span class='ocrx_word' id='word_1_224' title='bbox 301 2469 347 2519; x_wconf 40' lang='lat' dir='ltr'>se;1</span> <span class='ocrx_word' id='word_1_225' title='bbox 376 2453 421 2508; x_wconf 90' lang='lat' dir='ltr'>dei</span> <span class='ocrx_word' id='word_1_226' title='bbox 437 2461 529 2509; x_wconf 89' lang='lat' dir='ltr'>autem</span> <span class='ocrx_word' id='word_1_227' title='bbox 543 2455 660 2509; x_wconf 88' lang='lat' dir='ltr'>verbum</span> <span class='ocrx_word' id='word_1_228' title='bbox 679 2461 767 2508; x_wconf 88' lang='lat' dir='ltr'>rector</span> <span class='ocrx_word' id='word_1_229' title='bbox 785 2460 827 2505; x_wconf 87' lang='lat' dir='ltr'>est</span> <span class='ocrx_word' id='word_1_230' title='bbox 846 2466 878 2503; x_wconf 89' lang='lat' dir='ltr'>ao</span> 
     </span>
    </p>
   </div>
   <div class='ocr_carea' id='block_1_8' title="bbox 73 2553 288 2574">
    <p class='ocr_par' dir='ltr' id='par_1_8' title="bbox 73 2553 288 2574">
     <span class='ocr_line' id='line_1_33' title="bbox 73 2553 288 2574; baseline 0 -8"><span class='ocrx_word' id='word_1_231' title='bbox 73 2553 288 2574; x_wconf 47' lang='lat' dir='ltr'><em>m</em></span> 
     </span>
    </p>
   </div>
   <div class='ocr_carea' id='block_1_9' title="bbox 76 2588 908 2812">
    <p class='ocr_par' dir='ltr' id='par_1_9' title="bbox 76 2588 908 2696">
     <span class='ocr_line' id='line_1_34' title="bbox 126 2588 908 2640; baseline -0.009 -8"><span class='ocrx_word' id='word_1_232' title='bbox 126 2593 149 2640; x_wconf 75' lang='lat'>¹)</span> <span class='ocrx_word' id='word_1_233' title='bbox 163 2591 225 2632; x_wconf 77' lang='lat' dir='ltr'>Arm.</span> <span class='ocrx_word' id='word_1_234' title='bbox 239 2593 274 2632; x_wconf 86' lang='lat' dir='ltr'>hle</span> <span class='ocrx_word' id='word_1_235' title='bbox 288 2595 310 2633; x_wconf 89' lang='lat' dir='ltr'>et</span> <span class='ocrx_word' id='word_1_236' title='bbox 323 2595 378 2634; x_wconf 79' lang='lat' dir='ltr'>lutra</span> <span class='ocrx_word' id='word_1_237' title='bbox 390 2597 489 2635; x_wconf 76' lang='lat' dir='ltr'>talentum</span> <span class='ocrx_word' id='word_1_238' title='bbox 501 2596 575 2636; x_wconf 77' lang='lat' dir='ltr'>babet.</span> <span class='ocrx_word' id='word_1_239' title='bbox 604 2596 631 2634; x_wconf 87' lang='lat' dir='ltr'>In</span> <span class='ocrx_word' id='word_1_240' title='bbox 643 2595 710 2634; x_wconf 80' lang='lat' dir='ltr'>saeris</span> <span class='ocrx_word' id='word_1_241' title='bbox 721 2590 801 2630; x_wconf 69' lang='lat' dir='ltr'>utteris</span> <span class='ocrx_word' id='word_1_242' title='bbox 813 2588 879 2628; x_wconf 75' lang='lat' dir='ltr'>babet</span> <span class='ocrx_word' id='word_1_243' title='bbox 905 2617 908 2620; x_wconf 87' lang='lat'><strong>.</strong></span> 
     </span>
     <span class='ocr_line' id='line_1_35' title="bbox 76 2639 785 2696; baseline -0.01 -13"><span class='ocrx_word' id='word_1_244' title='bbox 76 2644 188 2683; x_wconf 68' lang='lat' dir='ltr'>mmm</span> <span class='ocrx_word' id='word_1_245' title='bbox 201 2652 220 2682; x_wconf 72' lang='grc' dir='ltr'>ι.</span> <span class='ocrx_word' id='word_1_246' title='bbox 235 2644 346 2691; x_wconf 71' lang='lat' dir='ltr'>drachma,</span> <span class='ocrx_word' id='word_1_247' title='bbox 361 2643 397 2684; x_wconf 85' lang='lat' dir='ltr'>Gr.</span> <span class='ocrx_word' id='word_1_248' title='bbox 412 2643 502 2696; x_wconf 76' lang='grc' dir='ltr'><strong><em>δραχμή,</em></strong></span> <span class='ocrx_word' id='word_1_249' title='bbox 517 2647 545 2684; x_wconf 71' lang='lat' dir='ltr'>al.</span> <span class='ocrx_word' id='word_1_250' title='bbox 560 2643 680 2696; x_wconf 72' lang='grc' dir='ltr'><em>δίδραχμον.</em></span> <span class='ocrx_word' id='word_1_251' title='bbox 704 2639 785 2680; x_wconf 77' lang='lat' dir='ltr'>Auch.</span> 
     </span>
    </p>

    <p class='ocr_par' dir='ltr' id='par_1_10' title="bbox 126 2708 668 2755">
     <span class='ocr_line' id='line_1_36' title="bbox 126 2708 668 2755; baseline -0.02 1"><span class='ocrx_word' id='word_1_252' title='bbox 126 2708 165 2755; x_wconf 78' lang='lat'>¹¹)</span> <span class='ocrx_word' id='word_1_253' title='bbox 179 2719 198 2748; x_wconf 82' lang='grc' dir='ltr'>ι.</span> <span class='ocrx_word' id='word_1_254' title='bbox 213 2711 335 2750; x_wconf 61' lang='lat' dir='ltr'>dealitatem</span> <span class='ocrx_word' id='word_1_255' title='bbox 348 2711 419 2753; x_wconf 67' lang='lat' dir='ltr'>deos</span> <span class='ocrx_word' id='word_1_256' title='bbox 430 2713 453 2752; x_wconf 81' lang='lat' dir='ltr'>to</span> <span class='ocrx_word' id='word_1_257' title='bbox 465 2712 562 2753; x_wconf 68' lang='lat' dir='ltr'>unitates.</span> <span class='ocrx_word' id='word_1_258' title='bbox 587 2709 668 2750; x_wconf 79' lang='lat' dir='ltr'>Auen.</span> 
     </span>
    </p>

    <p class='ocr_par' dir='ltr' id='par_1_11' title="bbox 113 2757 673 2812">
     <span class='ocr_line' id='line_1_37' title="bbox 113 2757 673 2812; baseline -0.007 -4"><span class='ocrx_word' id='word_1_259' title='bbox 113 2758 228 2809; x_wconf 81' lang='lat' dir='ltr'>Purno</span> <span class='ocrx_word' id='word_1_260' title='bbox 248 2761 305 2812; x_wconf 89' lang='lat' dir='ltr'>Vll.</span> <span class='ocrx_word' id='word_1_261' title='bbox 647 2757 673 2804; x_wconf 87' lang='lat' dir='ltr'>K</span> 
     </span>
    </p>
   </div>
   <div class='ocr_carea' id='block_1_10' title="bbox 0 0 1043 3100">
    <p class='ocr_par' dir='ltr' id='par_1_12' title="bbox 0 0 1043 3100">
     <span class='ocr_line' id='line_1_38' title="bbox 0 0 1043 3100; baseline 0 0"><span class='ocrx_word' id='word_1_262' title='bbox 0 0 1043 3100; x_wconf 95' lang='lat' dir='ltr'> </span> 
     </span>
    </p>
   </div>
  </div>
 </body>
</html>
