2050 3100
147 125 194 177 486
256 129 355 214 l'HlL.
376 128 452 174 IUD.
473 127 637 186 Qunnsn.
657 123 949 192 Erson.[11,ast.]

144 239 292 300 utrumque
302 228 445 283 evidenter
454 229 615 299 exprimens
624 243 738 282 morem.
776 228 950 286 Pravienim

143 304 227 358 moris
242 303 324 357 hamo
337 303 438 374 plenus
453 310 494 357 est
508 302 649 375 figmentis
664 309 692 357 et
704 301 816 357 blandis
832 306 950 376 sapien-

143 379 204 442 tiis,
222 386 361 448 tamquam
372 378 416 432 his
427 377 562 433 edueatus
572 386 600 432 et
609 393 691 442 usus,
712 377 786 432 nihil
795 380 854 432 sani
865 382 950 453 eogi-

143 462 214 507 tans.
253 453 288 507 Et
307 453 487 523 insipientem
505 455 682 524 pravitatem,
714 461 781 524 puta
803 468 947 510 mones

144 525 443 600 (mores)*)superbos,
465 529 504 583 ita
515 535 545 582 ut
554 544 606 582 nec
615 527 770 590 humiliari,
793 541 885 599 neque
895 528 947 585 ile·

142 603 179 656 cti
190 602 272 666 sciat,
285 603 405 658 similem
416 613 477 658 es'se
488 601 570 675 (dieu)
581 603 711 673 quercui,
726 619 796 674 quae
806 602 948 678 frangitur

143 684 289 747 antequam
300 676 463 734 humilietur
473 693 504 732 aa
514 676 648 733 flectatur.

212 883 277 940 Quid
293 893 328 936 en
346 883 459 948 „Paene
475 885 533 936 aetii
543 886 628 951 frater
644 885 733 936 etrum
749 885 803 949 (aa,
818 885 874 948 aa.)

201 1007 258 1060 462.
283 1003 390 1060 Fratres
405 1011 470 1059 sunt
484 1005 573 1066 ,virtus
588 1011 615 1059 et
627 1004 733 1060 malitia
742 1001 897 1060 secundum
907 1004 945 1060 il-

143 1079 206 1144 lud,
227 1077 302 1150 quod
313 1079 397 1135 unius
408 1079 493 1134 animi
506 1087 602 1151 partus
616 1088 693 1145 sunt3
725 1087 753 1133 et
764 1078 889 1143 inimici,
911 1097 945 1135 eo

142 1154 217 1226 quod
236 1152 416 1208 adversantur
435 1153 491 1208 sibi
513 1145 635 1208 invicem
655 1161 681 1207 et
699 1160 834 1226 pugnant.
878 1153 946 1210 Ideo

142 1230 337 1284 convenientes
345 1235 485 1299 tamquam
494 1245 530 1282 ex
538 1229 699 1283 necessitate
709 1237 736 1282 et
747 1229 879 1301 ligamine
890 1231 945 1284 ali-

142 1321 197 1374 quo
208 1303 359 1374 complexi,
377 1303 560 1358 nihilominus
571 1302 786 1358 disiunctionem
794 1312 904 1375 optant,
916 1315 945 1360 et

142 1378 272 1433 dissoluti
283 1377 448 1450 libaratique
459 1377 552 1434 lucide
561 1377 703 1449 patefiunt.

143 1615 176 1643 ms
194 1552 343 1643 *fircahnrm
354 1553 436 1602 panus,
459 1554 474 1592 i.
488 1562 508 1592 ea
522 1554 597 1600 mic,
611 1553 656 1603 lest
667 1555 739 1603 pluent
748 1555 820 1603 m,
833 1556 849 1594 i.
863 1565 883 1595 a.
897 1566 943 1595 ωο-

145 1954 196 2007 bus
207 1954 281 2008 enim
290 1953 391 2026 plenus
402 1963 428 2010 et
438 1954 556 2021 infidus,
579 1974 629 2012 nec
643 1959 793 2029 quiequam
804 1956 944 2029 integrum

143 2028 309 2095 exercendo,
332 2048 382 2085 nea
392 2028 472 2086 facile
483 2028 615 2096 flectitur,
637 2031 685 2087 tali
696 2032 772 2104 ligno
782 2031 941 2097 similando,

143 2104 218 2174 quad
229 2102 310 2160 facile
320 2105 399 2177 prius
411 2104 547 2181 frangitur
557 2124 641 2178 quam
650 2115 789 2162 curvatur.

222 2293 301 2351 Quare
318 2296 391 2347 aaut:
417 2296 502 2361 „Part
520 2298 580 2347 laer
597 2298 669 2348 uin&
678 2299 763 2363 fruta·
779 2297 869 2347 ainwa

201 2435 258 2489 ⁴62.
279 2432 413 2487 Germana
423 2439 489 2486 sunt
498 2432 587 2486 virtus
603 2442 629 2487 et
643 2433 761 2496 malitia,
783 2433 868 2486 unius
884 2432 944 2485 ani·

138 2514 203 2561 'mae
219 2507 316 2561 iaetus.
356 2506 526 2559 Dimicantur
542 2514 634 2562 autem
648 2517 675 2563 et
689 2508 799 2580 litigant
807 2505 944 2578 quodam·

143 2580 224 2635 modo
239 2580 427 2642 adhaerentia,
452 2578 655 2637 dissocietatem
670 2582 841 2647 desiderant,
863 2599 944 2654 sepa-

144 2662 200 2707 rata
214 2672 280 2708 vero
294 2663 321 2708 et
335 2654 449 2708 liberata
465 2653 578 2708 distant.
