2050 3100
145 150 191 201 raa
274 152 370 196 rnre.
390 151 464 196 nnn.
483 148 644 207 Quans'r.
663 149 712 193 nn
731 148 808 192 aon.
833 142 947 211 [nean]
1012 212 1013 223 ἵ

143 256 311 308 aiuventute
322 251 467 305 nobiscum
478 250 646 320 acquisitum
656 240 778 312 exsistit,
801 248 831 303 id
846 257 890 304 est
900 251 947 303 vi·
1012 312 1013 315 Ἰ

142 330 213 383 tium
228 326 417 396 insipientiae:
446 332 635 379 verumtamen
650 325 739 377 minor
754 324 814 395 ipse
829 326 946 379 maioris
1012 346 1013 349 ¹

143 404 187 457 sni
199 401 349 474 perlegam
359 408 472 454 naturae
483 396 595 454 daxes't
604 408 629 453 et
638 400 778 470 princeps.

163 607 228 666 Qot'd
239 618 274 658 eat
290 608 412 673 „Impleta'
422 618 476 658 anot
489 608 550 669 dieo,
570 616 596 657 nt
608 624 638 656 eo
648 616 747 671 pareret
755 608 786 655 “t
804 607 858 673 (25,
869 610 926 669 24.)

200 748 258 799 ⁴58.
284 744 422 816 Sapientis
435 751 530 815 partus
545 759 598 796 non
612 750 653 797 est
663 759 776 797 mancus
787 759 838 796 neo
847 759 945 797 mense

142 836 194 875 nec
208 820 269 884 die,
288 820 338 875 sed
352 819 452 890 plenus
466 816 674 889 perfectusque,
695 834 731 873 ex
744 818 868 874 numeris
879 834 945 889 per-

142 894 222 950 fectis
237 903 375 952 constans.
413 894 515 959 Littera
529 892 655 947 talisest.
693 892 736 947 Ad
746 900 944 949 mentemvero
1012 926 1013 949 1

143 970 306 1025 dicendum:
332 968 424 1035 Quum
433 968 542 1023 animus
550 967 775 1038 ¹virtutepollens
790 968 828 1021 sit
841 967 944 1038 plenus

142 1046 295 1116 sapientiae
303 1043 464 1116 speciebus,
479 1059 551 1113 qaae
561 1041 618 1111 diei
629 1042 751 1113 solisque
761 1043 848 1097 instar
857 1051 943 1097 totam

142 1122 255 1175 omnino
267 1121 409 1176 illuminat
420 1118 613 1190 cogitationem
627 1125 655 1173 ot
667 1125 800 1184 mentem,
811 1126 890 1183 ¹tnnc
900 1119 946 1173 in·
1012 1110 1013 1153 ἕ

143 1196 213 1267 cipit
225 1212 323 1267 parere
335 1195 521 1266 oppositiones
536 1193 568 1250 'ut
582 1193 783 1264 separationem
803 1192 946 1249 distincti·
1012 1210 1013 1227 ¹

143 1288 207 1325 vam
217 1279 375 1330 sanctorum
384 1278 413 1326 ot
421 1268 555 1340 turpium.

142 1577 246 1630 Bonum
267 1579 355 1639 enim,
379 1585 411 1630 ut
429 1576 504 1640 dixi,
526 1579 677 1632 serotinum
696 1585 724 1632 et
742 1577 943 1642 adventicium,
1012 1591 1013 1602 ¹

143 1651 265 1722 pravitas
276 1650 311 1704 ab
320 1650 437 1705 infantia
451 1667 522 1723 pene
538 1653 677 1716 consistit,
698 1651 748 1707 sed
762 1660 854 1707 tamen
868 1653 945 1726 regi·

144 1734 189 1780 tur
199 1743 214 1779 a
225 1726 381 1789 inveniere,
397 1742 452 1780 non
462 1727 595 1797 temporis
606 1729 680 1800 lege,
697 1726 747 1782 sed
757 1735 882 1783 naturae.

172 1931 252 1989 Quare
269 1933 343 1982 dixit:
370 1970 386 1997 ‚‚
396 1933 511 2000 Completr‘
525 1934 578 1984 aunt
594 1932 646 1984 dies
663 1935 724 1998 eius,
746 1943 772 1986 ot
780 1937 919 2000 parerem

203 2067 259 2122 ⁴58.
284 2067 355 2135 Quia
369 2069 547 2140 prudentium
563 2071 687 2144 germina
702 2083 757 2126 non
771 2077 836 2124 eunt
850 2071 944 2124 minus
1012 2083 1013 2094 ²

143 2140 277 2214 perfecta,
294 2159 345 2198 nec
355 2143 454 2199 diebus
465 2145 616 2209 diminuta,
632 2146 682 2200 sed
692 2146 775 2218 plena
785 2147 942 2218 et-integta.

143 2219 186 2272 Ex
199 2216 330 2289 perfectis
344 2220 467 2274 numeris
482 2221 587 2275 dictum
604 2229 710 2288 constat
723 2234 773 2292 pro
788 2227 866 2292 parte
882 2237 945 2274 nar·
1012 2217 1013 2238 t

145 2292 269 2348 rationis.
312 2293 470 2349 intellectus
489 2305 554 2350 vero
574 2295 688 2350 subtilis
705 2296 758 2350 hoc
771 2295 858 2366 sapit,
870 2307 945 2349 cam
1012 2343 1013 2346 ,

144 2368 268 2424 studiosa
283 2369 374 2424 anima
394 2370 518 2442 saginata
534 2368 617 2425 inerit
631 2379 783 2442 sapientiae
797 2377 942 2432 institutis,

143 2443 248 2514 quibus
258 2446 320 2500 vice
330 2442 477 2499 meridiani
488 2445 601 2500 luminis
612 2453 685 2500 totus
697 2447 806 2500 animus
820 2445 946 2500 iilustra-

143 2528 198 2572 tnr.
238 2521 316 2575 Tunc
330 2519 429 2592 incipit
443 2534 574 2593 generare
585 2523 789 2576 contrarietates
801 2521 946 2593 cogitatio-

144 2609 224 2657 num,
246 2595 350 2666 quihus
364 2603 473 2651 sanatae
488 2595 579 2667 (moro.
596 2596 698 2668 sancta)
717 2595 840 2667 profanis
859 2596 946 2651 inter-

144 2677 217 2720 sunt.
701 2673 719 2716 ’κ
748 2679 751 2688 ’
