2050 3100
60 192 173 259 [mett]
231 197 274 241 IN
295 198 471 243 GENESIN.
494 198 622 244 SERMO
641 199 683 245 tv.
816 192 863 245 429

61 300 114 353 lem
129 298 338 362 necessitatem,
361 315 392 352 eo
406 298 481 369 quod
496 300 579 353 sentit
592 298 772 368 conceditque
783 316 812 352 se
824 298 865 352 la-

62 382 134 428 ctum
145 391 161 427 a
171 372 290 436 factore,
306 380 389 445 negat
399 380 490 428 tamen
500 391 581 427 nosse
591 373 747 437 dominum,
764 382 864 446 putans

6 486 7 505 i
63 465 125 502 cura
136 464 232 503 carere
242 447 393 512 mundum,
409 457 436 503 et
445 448 582 520 quioquid
593 450 622 502 in
633 448 736 503 mundo
746 458 797 505 est.

6 682 8 771 l

68 612 145 671 Quare
163 631 212 664 noa
231 615 281 678 ipsi
289 614 346 675 fillo
361 614 493 678 praecepit,
518 632 547 663 ne
565 615 670 678 accipiat
688 632 783 663 atrorem
803 614 867 664 cla-

128 683 330 813 pgp’qqusspiput
342 682 490 745 postmodum
507 681 597 731 Iacobo
610 691 724 745 parentes
741 684 802 746 eius,
825 682 869 739 aad

118 855 163 905 88.
182 850 307 905 Profecto
318 851 527 906 haesitationem
536 852 616 906 dubii
628 860 708 923 atque
719 855 869 909 consilium

65 926 286 981 consideratione
296 926 413 998 dignum
423 926 507 981 habet
517 928 620 995 littera;
636 930 767 999 quoniam
777 928 869 1001 perfe-

66 1010 125 1055 ctus
135 1009 177 1055 est
188 1008 275 1055 aetate
285 1002 374 1065 Isaac,
397 1001 539 1057 sufficiens
553 1002 588 1056 ad
598 1010 700 1058 statum
712 1001 749 1078 [*]
762 1007 867 1076 sponsi,

66 1093 156 1147 neque
167 1084 225 1130 erat
236 1076 288 1130 sub
298 1076 421 1131 dominio
430 1077 515 1132 servi.
551 1078 643 1132 Unum
653 1095 689 1132 ex
699 1078 808 1133 duobus
819 1079 870 1133 ad-

66 1160 136 1205 erat:
151 1159 199 1205 aut
209 1151 407 1216 consentiebat,
420 1161 466 1207 aut
477 1152 684 1208 adversabatur.
709 1152 794 1222 Atqui
805 1170 871 1207 con-

65 1227 198 1281 sentienti
212 1226 312 1281 vadem
326 1244 356 1281 se
374 1236 511 1297 praestare
526 1227 694 1283 conveniens
712 1234 769 1281 erat
783 1228 868 1297 patri:

66 1300 141 1372 quod
158 1302 182 1355 si
198 1318 253 1355 non
269 1303 459 1367 assentiretur,
482 1318 687 1375 supervacuum
702 1309 774 1355 esset
787 1302 872 1355 mini·
963 1314 974 1322 ·

67 1378 184 1430 sterium
194 1378 279 1430 servi.
318 1378 414 1432 Dicere
424 1385 528 1443 autem,
541 1377 617 1450 quod
627 1376 693 1447 quia
704 1392 753 1449 per
763 1377 872 1431 iussum

68 1451 199 1505 divinum
215 1468 250 1506 ex
264 1452 377 1523 regione
391 1452 592 1508 Chaldaeorum
605 1452 771 1523 migraverat
784 1451 873 1507 Abra-

66 1526 147 1591 ham,
162 1542 248 1598 quare
261 1528 291 1581 in
302 1544 362 1582 eam
372 1526 462 1582 filium
472 1529 581 1584 mittere
591 1526 667 1583 haud
677 1545 796 1601 aequum
807 1545 873 1584 cen-

68 1602 162 1665 sebat,
185 1602 268 1656 valde
287 1603 408 1658 delirum
427 1611 468 1658 est
488 1621 520 1658 ac
537 1605 702 1659 absurdum:
738 1605 870 1680 primum,

67 1679 134 1749 quia
150 1677 185 1731 ob
201 1676 326 1732 eamdem
341 1695 451 1733 causam
466 1696 557 1751 neque
569 1697 627 1734 rem
638 1688 778 1750 acceptare
789 1697 873 1751 spon-

68 1768 216 1824 soremque
232 1770 292 1807 esse
307 1754 448 1825 oportebat
467 1755 563 1826 plane,
589 1756 663 1809 sicut
676 1758 760 1809 etiam
777 1755 812 1809 ad
827 1771 874 1809 cc—

68 1827 244 1900 granonem,
262 1828 296 1882 de
311 1845 366 1900 qua
382 1832 517 1904 emigrare
532 1829 638 1884 dictum
653 1829 754 1898 luerat3
783 1847 874 1901 neque

67 1901 167 1958 Iacobo
179 1903 280 1957 licebat
294 1903 370 1957 adire
385 1912 496 1975 propter
512 1904 732 1975 desponsandam
748 1922 872 1967 uxorem,

67 1994 157 2049 quum
168 1977 289 2032 imitator
302 1979 390 2055 patris
406 1988 478 2033 esset
492 1987 520 2034 et
534 1979 629 2033 datum
644 1980 700 2051 ipsi
715 1979 874 2034 mandatum

68 2054 174 2124 optime
190 2053 325 2108 novisset.
358 2053 441 2108 Porro
451 2061 555 2109 restant
567 2055 594 2108 ei
605 2071 658 2108 non
669 2072 773 2126 paucae
784 2054 876 2109 adhuc

69 2127 258 2198 quaestiones.
307 2129 368 2182 Non
392 2129 467 2182 enim
489 2136 521 2183 ut
543 2130 669 2184 ministro
691 2129 761 2201 dicit
779 2146 872 2184 servo:

69 2202 189 2256 Satelles
204 2211 262 2258 esto
283 2202 389 2257 vadens
403 2204 485 2268 illuc,
512 2221 547 2258 ne
567 2203 642 2258 filius
660 2221 739 2259 meus
758 2204 876 2275 accipiat

70 2293 187 2331 uxorem
198 2293 233 2331 ex
243 2279 296 2331 ista
306 2277 432 2350 regione,
448 2278 497 2334 sed
511 2287 652 2350 tamquam
662 2278 815 2334 vadimonii
826 2278 877 2332 do-

68 2351 160 2415 mino,
177 2352 215 2406 ait
225 2354 315 2407 enim:
335 2351 490 2418 adiurator,
510 2363 606 2408 utnon
617 2355 737 2426 accipias
748 2355 876 2409 filiomeo

68 2443 186 2482 uxorem
197 2426 401 2484 Chananaeam.

126 2503 248 2557 Necesse
261 2509 303 2557 est
317 2519 395 2575 ergo,
417 2512 448 2557 ut
457 2503 604 2574 allegorice
615 2505 782 2574 accipientes
793 2501 877 2555 nimis

70 2577 235 2630 naturaliter
245 2577 382 2642 dicamus,
397 2579 472 2648 quod
482 2580 559 2632 Isaac
568 2596 622 2632 non
628 2595 703 2649 opus
714 2577 796 2630 habet
805 2575 879 2629 sola-

71 2651 173 2714 minis,
190 2652 292 2706 etenim
307 2669 450 2724 nuuquam
460 2670 575 2707 uxorem
586 2653 642 2706 sibi
654 2651 771 2719 accipiat
781 2668 796 2702 a
807 2649 879 2703 Cha-

72 2727 199 2849 napaeis.
239 2728 297 2783 Hoc
312 2736 404 2783 autem
418 2727 481 2783 dico
498 2726 604 2782 nonde
622 2723 798 2846 hominibus,
819 2723 879 2775 viro

137 2814 224 2852 uino
243 2803 304 2853 Vll.
429 2803 435 2812 “
