2050 3100
161 265 194 316 56
384 268 567 314 amnonis
591 267 728 313 mnam
874 262 909 329 [1.
919 265 969 330 Ἀ]

162 369 226 424 dine
236 367 273 423 ob
282 384 365 440 opum
375 368 481 440 copiam
495 384 628 440 superans
642 383 847 424 omnemsuam
861 368 971 424 volun·

159 445 398 507 tatemerercuit,
422 444 543 514 corporis
563 445 644 498 etiam
663 442 776 498 libidini
798 442 967 517 indulgens.
1003 441 1004 498 l

161 518 254 574 Rediit
263 519 346 590 etiam
356 533 470 574 securus
480 534 515 572 ex
526 519 615 592 longis
626 518 917 590 peregrinationibus,
942 530 969 573 et

161 595 304 648 iuventute
322 594 361 646 ita
380 593 455 647 lelici
474 611 506 648 ac
520 590 593 649 vitae
607 595 753 648 securitate
768 609 837 647 usus
852 603 914 658 est,
937 602 967 648 ut

161 669 230 722 duas
241 667 371 722 mulieres
381 667 436 721 sibi
447 667 572 731 duxerit,
589 685 672 734 unam
684 667 879 740 Syracusiam,
896 668 966 723 alte-
1004 707 1005 716 ,

159 761 218 796 ram
232 743 405 797 Locrensem.
447 743 489 796 Ex
506 741 653 814 Syracusio
671 744 827 812 procreavit
841 744 965 816 Hyperi·
1004 747 1005 816 ζ

159 833 240 880 num,
262 818 404 880 Nemeen,
423 814 532 887 Areten]
545 815 699 889 (Virtutem)
715 824 741 870 et
751 815 963 891 Sophrosynam

159 890 374 963 (Sobrietatem),
395 907 432 944 ex
445 891 574 944 Locrensi
588 892 881 956 veroHermocritum,
900 892 964 946 Dio-
1005 916 1006 932 ,

159 967 284 1039 nmium,
296 966 413 1037 turpiter
421 965 610 1019 contaminans
621 966 754 1020 virtutum
764 964 962 1038 (desiccari-iri
1005 975 1006 982 ’

159 1041 283 1104 nomina,
302 1037 338 1114 [Ἴ
354 1039 457 1111 quibus
472 1040 532 1110 ipse
548 1039 680 1094 contraria
694 1039 874 1110 operabatur.
906 1041 962 1096 Ad·
1005 1077 1006 1100 ,

158 1115 227 1170 haec
237 1124 327 1169 autem
337 1130 388 1169 nec
397 1114 468 1168 vidit
476 1123 591 1169 mortem
601 1114 687 1186 prolis
697 1114 741 1168 vel
751 1115 780 1168 in
794 1115 858 1185 ipsa
875 1115 961 1170 tortu-

158 1198 221 1244 nata
240 1196 311 1244 sorte
329 1198 474 1260 provectae
492 1189 655 1252 senectutis,
679 1189 735 1242 imo
748 1187 821 1242 lilios
837 1189 959 1245 liliorum
1006 1236 1007 1254 ,

161 1263 269 1319 adultos
280 1271 366 1318 aetate
376 1263 471 1319 videre
480 1265 579 1336 potuit.
613 1263 754 1317 Praetereo
764 1263 820 1317 alia
830 1281 959 1336 quaeque

158 1355 382 1402 commemorare,
405 1354 476 1409 quae
490 1338 700 1411 Syracosiorum
720 1345 865 1392 cantorum
886 1341 959 1393 vires

158 1420 323 1486 superarunt
331 1413 494 1483 tabulasque
504 1411 671 1484 (pictorum).
707 1412 959 1468 ltasaneiucundo

158 1488 296 1561 hilarique
306 1489 398 1545 animo
406 1488 499 1541 multis
510 1487 590 1541 annis
600 1488 629 1540 in
640 1485 743 1541 laetitia
753 1489 888 1559 peractis,
902 1505 960 1542 cor·

157 1581 224 1635 pore
239 1565 384 1634 animoque
400 1562 467 1617 felix
481 1562 516 1616 ad
531 1580 581 1617 sua
595 1561 684 1616 redux
698 1562 750 1617 lnit
759 1564 822 1617 sine
833 1563 956 1626 fastidio,
1007 1598 1008 1635 ᾗ

158 1640 261 1709 optima
271 1642 410 1693 'senectute
421 1636 518 1691 fruens
526 1654 557 1692 ac
567 1638 704 1693 convivils
714 1653 763 1708 pro
774 1646 913 1709 tempore.
1007 1640 1008 1711 J

213 1742 240 1796 7.
261 1740 385 1797 Attamen
396 1741 470 1797 filius
481 1743 556 1807 eius,
573 1740 686 1799 fortasse
696 1742 761 1813 quis
772 1741 892 1807 dixerit,
907 1762 959 1798 non
1007 1736 1008 1755 ¹

157 1814 238 1871 modo
249 1817 352 1871 excidit
361 1835 377 1871 a
386 1818 558 1889 principatu,
579 1816 628 1872 sed
639 1817 721 1871 etiam
731 1824 785 1871 tota
797 1815 960 1873 Siciliaex-

157 1891 255 1967 pulsus
265 1888 426 1946 Corinthum
436 1891 522 1965 fugit,
536 1892 643 1947 nullum
651 1909 716 1963 prae
726 1909 755 1946 se
767 1890 859 1946 lenens
870 1894 960 1948 vesti-

157 1966 234 2039 gium
253 1964 396 2036 dignitatis
412 1976 458 2021 aut
473 1966 613 2022 lelicitatis
625 1967 738 2038 prioris,
759 1966 870 2020 nullum
888 1985 959 2041 opu-

156 2041 257 2095 lentiae
266 2040 366 2111 prioris
376 2041 551 2114 insignisque
566 2042 710 2103 claritatis:
732 2043 780 2099 ita
795 2050 826 2095 ut
841 2042 956 2105 deinde,

156 2132 190 2169 ne
210 2113 281 2169 lame
300 2115 415 2187 periret,
437 2116 562 2171 mercede
582 2114 731 2171 conductus
750 2116 958 2191 Corinthiorum

156 2190 327 2245 iuventutem
352 2190 456 2246 litteras
479 2192 633 2247 doceretet
650 2200 758 2246 cantum
779 2193 954 2254 cantatrices,

156 2265 200 2320 vel
215 2266 319 2320 invitus
333 2265 524 2321 satisfacturus
538 2265 614 2321 dirae
629 2265 753 2339 egestati.
791 2266 874 2320 Porro
891 2268 955 2339 quis

155 2340 185 2396 in
194 2336 278 2411 causa
289 2341 349 2395 eius
359 2340 399 2394 rei
409 2339 479 2395 luit?
505 2358 569 2395 nam
579 2341 662 2395 deum
672 2340 764 2395 dicere
774 2340 861 2395 nefas.
891 2338 955 2397 ‘Nec

155 2416 229 2468 enim
245 2416 326 2470 homo
340 2414 509 2479 moderatus,
531 2417 566 2471 iis
581 2416 692 2470 omissis
706 2416 755 2486 qui
769 2415 904 2472 iniuriam
915 2415 955 2471 la-

155 2490 246 2553 ciunt,
266 2486 296 2543 in
305 2491 445 2560 proximos
455 2490 549 2544 eorum'
559 2490 622 2544 odio
632 2488 731 2553 lemur,
752 2489 790 2543 ita
801 2497 830 2543 ut
840 2492 953 2546 omissis

154 2562 252 2630 poenis
271 2564 300 2616 in
321 2563 454 2631 obnorrios
473 2564 501 2616 in
522 2565 694 2619 innocentem
716 2564 837 2618 cumulet
857 2563 953 2620 vindi-

154 2642 235 2687 ctam.
274 2634 342 2699 Quis
352 2652 482 2711 umquam
497 2626 703 2709 magistrorum,
724 2640 846 2709 graviter
856 2638 953 2695 lerens

152 2706 306 2759 tarditatem
322 2708 535 2778 discipulorum,
556 2727 649 2765 eorum
664 2714 793 2782 cognatos
811 2728 861 2783 pro
880 2713 953 2783 ipsis

153 2778 326 2845 castigandos
340 2780 473 2849 accipiat?
498 2784 584 2837 Nemo
598 2801 739 2856 umquam.
780 2785 810 2841 Si
824 2786 953 2842 medicus
