2050 3100
141 102 192 157 292
259 107 359 152 PHIL.
380 106 454 151 IUD.
473 105 635 164 QUAEsT.
654 106 704 151 ΕΤ
727 105 807 150 SOL.
828 101 874 166 [11,
884 103 941 167 lli]

141 209 246 282 gentis,
267 223 338 278 quae
353 204 502 260 Chaldaicc
517 213 630 261 vocatur
644 204 736 261 Labcn
749 213 776 260 st
789 206 887 261 Latine
903 211 943 262 al-

141 287 213 338 bedo.
253 281 324 336 Sunt
338 281 387 351 qui
404 279 503 335 facicm
518 296 611 335 rerum
625 279 791 352 aspicientes
805 281 852 336 vel
867 281 942 338 vitu-

140 364 237 428 perant
251 373 313 410 eam
325 354 371 409 vel
386 354 510 410 laudant.
550 353 636 408 Nobis
650 362 755 419 tamen,
776 355 827 428 qui
838 354 942 429 allego·

139 433 225 486 ricam
235 430 396 502 quaerimus
406 438 546 493 naturam,
562 428 612 482 sed
622 436 699 484 extra
708 429 861 493 visionem,
878 447 942 485 ocn-

139 507 217 561 vcnit
231 505 343 560 nomina
357 505 418 577 ipsa
433 504 590 575 disquirere
604 519 695 573 neque
704 502 798 574 decipi
807 504 942 560 similitu-

139 580 205 635 dine
219 580 377 634 nominum:
409 595 528 652 quorum
543 577 684 633 distinctio
698 577 728 631 in
741 578 794 632 hoc
803 580 939 643 consistit,

138 654 214 726 quod
233 653 342 725 aliquid
359 653 513 726 perlectum
532 661 574 707 est
587 661 615 707 et
629 652 770 724 splendori
785 652 942 726 luminiqus

138 729 240 784 similis
255 737 393 793 creatura,
415 729 522 801 aliquid
537 737 629 784 autem
643 727 787 783 sensibilis
803 729 941 799 quaedam

137 804 257 876 qualitas
268 803 480 875 superficialiter
492 803 583 858 colore
598 803 697 868 tincta,
718 803 791 858 siout
805 802 856 858 illa
869 821 940 876 quae

137 880 291 952 pinguntur
302 879 336 934 ab
347 879 481 951 improbis
492 878 527 933 ad
537 877 696 933 illusionem
707 878 834 933 visionis.

139 1003 176 1070 [l]
198 1004 264 1063 Quid
279 1016 314 1056 cst
330 1004 453 1069 „Audiuit
468 1003 545 1053 Iacob
563 1012 658 1067 patrem
681 1005 778 1068 (suum)
798 1013 822 1055 ct
842 1015 939 1056 manem

221 1075 331 1139 (suam),
351 1083 374 1123 et
390 1073 433 1123 ivit
449 1072 474 1122 ln
490 1071 731 1135 Mesopotamiam“t
748 1072 801 1136 (28,
816 1073 857 1136 7.)

192 1161 253 1215 til.
279 1161 349 1214 Tum
364 1159 399 1213 ad
415 1158 533 1212 litteram
549 1157 610 1212 laus
624 1156 762 1212 confertur
771 1156 867 1211 itineri
877 1156 936 1219 filii,

135 1233 185 1304 qui
204 1233 330 1290 obedivit
348 1232 482 1289 ambobus
500 1231 677 1303 parentibus3
718 1231 939 1303 quoniamnon-

135 1437 211 1484 mus,
233 1423 300 1492 quia
309 1431 413 1477 semota
427 1430 492 1477 sunt
506 1439 522 1476 a
536 1420 714 1484 visibilibus,
735 1417 850 1491 expedit
863 1419 938 1492 vigi·

134 1495 289 1548 lentissime
303 1497 414 1552 nomina
429 1504 564 1561 scrutare,
586 1511 638 1551 nec
652 1494 772 1551 alicuius
792 1509 937 1566 nuncupa-

133 1570 218 1623 tionis
228 1570 414 1625 similitudine
424 1571 498 1636 lalli,
515 1588 634 1643 quorum
643 1570 785 1625 distinctio
794 1577 822 1624 et
831 1567 938 1624 discre-

133 1644 172 1697 tic
182 1640 364 1701 differentiam
375 1662 466 1700 rerum
478 1645 608 1701 declarat.
635 1644 682 1700 Sic
691 1652 718 1699 at
728 1643 809 1699 modo
823 1643 934 1707 candor,

133 1733 217 1788 quem
228 1718 306 1775 aiunt
315 1735 375 1773 esse
387 1720 489 1784 Laban,
504 1720 625 1792 perlecta
635 1719 814 1775 translatione
825 1718 936 1774 lucidus

132 1792 178 1845 vel
194 1791 357 1862 splendens:
379 1793 424 1847 sin
437 1811 502 1849 vero
515 1796 670 1851 secundum
679 1793 805 1848 visibilia
814 1800 936 1848 transtu-

133 1865 213 1928 leris,
235 1882 335 1921 nomen
348 1866 489 1933 candoris,
510 1869 564 1925 boc
577 1879 633 1934 est,
653 1868 820 1923 albescentis
835 1867 936 1923 coloris

132 1938 283 2005 indicium,
305 1950 336 1995 ut
348 1942 437 1997 solent
453 1943 572 2013 pictores
582 1961 618 1999 ex
630 1942 749 1999 candore
761 1942 885 1998 colorum
895 1941 937 1997 la·

132 2015 203 2069 ciem
215 2016 370 2087 exprimere
381 2016 488 2076 interno
498 2020 596 2075 minio.
631 2016 680 2093 [lta
690 2018 774 2073 edam
783 2017 873 2081 isaac,
886 2017 935 2088 qni

131 2087 235 2144 dicitur
244 2092 330 2155 mous,
352 2089 470 2162 perlecta
481 2094 659 2157 translatione
669 2108 783 2148 serenus
793 2100 877 2163 atque
892 2091 936 2146 lu·

132 2162 212 2217 cidus
226 2163 446 2240 intelligitur.]*)

202 2280 267 2339 Quid
282 2296 316 2335 est
333 2284 454 2347 „Audiuit
471 2286 547 2337 Iacob
562 2298 657 2351 patrem
675 2297 698 2337 ct
714 2300 823 2353 manem,
844 2300 868 2339 et

324 2354 431 2417 persenit
452 2354 477 2403 a'n
494 2354 737 2419 Mesopotamiaw‘t

186 2438 246 2492 til.
267 2438 406 2494 Laudatur
415 2440 498 2493 etiam
509 2440 625 2494 oratoria
635 2457 714 2511 pars,
729 2457 801 2513 quae
812 2443 936 2496 continet

130 2508 220 2564 filium
230 2528 290 2566 esse
301 2512 395 2583 (uturp.
407 2514 471 2586 isse)
485 2512 660 2569 obedientem
673 2516 800 2586 utrisque
808 2516 935 2587 parenti·
1005 2523 1006 2598 f

130 2606 339 2622 u*—

181 2648 202 2693 *i
228 2650 292 2691 Uncis
306 2654 389 2693 inclusa
403 2656 480 2694 desunt
494 2657 515 2693 in
529 2653 588 2693 Arm.
