2050 3100
50 277 102 341 [11‚
114 275 177 340 lib]
234 282 274 327 IN
294 282 479 330 GENESIN.
500 283 629 328 SERMO
648 283 694 330 w.
813 278 863 331 295

51 382 109 451 qui
129 399 180 436 nec
198 397 311 438 munera
330 399 421 455 nequa
445 400 579 456 personas
598 383 762 454 accipiebat.
807 382 863 439 Sed

52 455 143 526 quid,
159 457 301 522 cimoliae,
317 457 443 513 dicamus
453 462 493 523 ei,
509 459 620 513 tertiam
628 458 760 530 adaptare
772 457 863 514 volui-

53 531 110 584 sti!
140 531 217 598 Quae
236 534 311 587 enim
330 534 467 604 corrigere
486 534 607 604 potuerit
621 550 680 597 eas,
700 550 773 604 quaa
788 533 862 604 opud

53 605 140 659 illum
151 605 267 678 sunt*)‘?
286 608 463 678 Nullatenus‚
475 606 525 661 aad
536 608 628 678 potius
638 608 670 661 in
679 609 860 664 contrarium:

54 689 114 736 tam
132 690 260 752 accepta,
280 698 365 752 quam
382 681 445 739 data
465 681 527 754 (pro
542 681 685 753 exemplo).
699 681 806 754 vita**)
821 690 862 736 est

52 763 166 824 practer
188 756 285 810 vitam.
335 757 453 812 Vocatur
471 764 562 813 autem
579 755 712 811 Hebraico
730 757 860 825 Mojalatla,

54 845 128 899 quae
139 829 296 900 explicatur
309 847 349 890 ex
361 832 547 903 principio.
585 833 641 886 Hoc
655 839 746 886 autem
759 832 790 888 in
803 831 862 885 vir-

55 912 114 959 tuto
124 913 169 960 est
183 905 324 977 voluptas,
344 908 385 960 uti
395 924 410 960 a
421 906 560 977 principio
572 903 609 1034 ς’]
622 906 793 977 aprimaque
801 922 862 960 cre-

56 980 149 1034 atione
160 981 316 1035 connutrita
326 983 401 1035 omni
411 998 474 1035 cum
485 981 577 1034 anima
589 981 599 1033 i
610 981 722 1036 credita.
755 976 862 1035 Dicitur

56 1062 150 1108 autem
172 1054 311 1125 cupiditas
330 1056 412 1110 etiam
435 1072 518 1110 causa
539 1055 689 1110 multorum
713 1055 858 1117 malorum,

55 1137 116 1184 tum
134 1129 171 1184 iis
193 1130 243 1200 qui
262 1129 412 1202 noenu),
434 1138 493 1185 tum
513 1129 571 1184 illis
590 1130 639 1200 qui
657 1136 774 1202 tangunt
788 1146 859 1184 eam.

54 1202 202 1274 Cuiusque
210 1212 287 1275 pater
296 1206 404 1268 Israel,
422 1205 559 1280 quisonat
572 1203 722 1266 auditus,
744 1219 775 1256 eo
785 1202 860 1274 quod

54 1279 104 1332 vix
114 1280 256 1351 particeps
265 1279 302 1334 sit
317 1280 407 1347 visus;
439 1280 505 1350 quia
516 1279 662 1334 obcaecata
672 1283 714 1332 est
723 1293 800 1331 mens
810 1275 860 1330 de-

54 1352 108 1408 diti
123 1353 286 1426 cupiditati,
306 1355 344 1409 ita
359 1363 390 1409 ut
404 1362 523 1425 nequeat
537 1352 633 1408 videre
647 1351 755 1406 visione
764 1349 858 1422 digna,

110 1523 133 1572 'l
150 1535 168 1565 ⁸·
184 1523 233 1571 Quis
248 1527 323 1567 ...u
336 1529 393 1577 qaod
404 1527 462 1577 opud
473 1527 533 1568 illum
546 1527 589 1567 eati
614 1525 696 1565 duob.

107 1592 144 1638 ⁵⁸)
158 1592 201 1631 Vix
213 1593 315 1641 polliceor
328 1598 410 1634 eertum
423 1606 458 1634 ma
470 1597 534 1635 huius
551 1596 594 1635 loct
611 1593 757 1635 obscurissimi
773 1602 860 1637 sonsum

57 1643 196 1690 exposuisse.
221 1644 325 1683 Fortassis
338 1646 416 1685 mellus
426 1646 542 1687 dicareturz
563 1645 691 1687 conversatio
700 1647 738 1683 aut
746 1645 861 1695 amplum

56 1696 94 1733 aot
106 1695 182 1733 modae
195 1694 277 1735 urmes·
289 1705 327 1745 pro
341 1698 391 1735 otta.
417 1695 498 1737 Auoh.

108 1762 130 1807 i)
144 1762 170 1800 tis
184 1762 220 1809 out
233 1762 309 1803 balam
320 1762 383 1805 uetur
395 1764 418 1803 in
431 1772 474 1806 ms,
486 1762 519 1808 De
539 1764 563 1804 ln
576 1762 623 1805 ollis
636 1762 730 1807 mtstme.
756 1761 838 1803 Auoh.

56 1977 170 2051 qualem
180 1977 233 2033 tibi
244 1979 349 2044 dicam,
364 1979 598 2043 oinielicissimc‚
613 1982 696 2035 etiem
707 1982 815 2035 tertiam
826 1981 862 2034 il-

58 2053 115 2107 lam
134 2054 388 2124 desponsationem,
418 2054 453 2110 de
471 2072 526 2126 qua
545 2056 634 2126 possit
652 2057 736 2113 etiam
755 2056 861 2126 priores

58 2128 219 2192 emendare,
239 2130 325 2193 absit,
341 2129 390 2184 sed
404 2138 435 2184 ut
444 2146 541 2184 rursus
551 2131 687 2201 acciperet
696 2138 722 2184 et
732 2146 862 2201 praemu-

59 2211 251 2267 nerareteam‚
269 2221 340 2276 quae
350 2206 436 2259 vitam
446 2205 507 2259 sinc
518 2204 575 2259 vita
585 2204 747 2267 conficiunt,
765 2205 862 2258 merito

58 2285 172 2331 vocatur
189 2278 264 2348 apud
282 2279 419 2334 Hebraeos
433 2280 557 2341 Mandat,
583 2295 654 2350 quae
668 2280 862 2349 interpretatur

60 2352 98 2405 ab
112 2352 229 2416 initio,
247 2355 475 2425 potantiautique
486 2352 627 2416 libidinis,
649 2369 720 2424 quae
731 2352 766 2407 ab
776 2353 863 2424 origi-

60 2426 206 2481 osmundi
221 2428 267 2482 vel
281 2429 387 2499 primae
402 2428 587 2501 generationis
601 2436 759 2490 coaetanea,
786 2426 862 2481 omni

61 2501 172 2555 animali
181 2517 232 2573 pro
241 2502 383 2559 subcisiva
397 2502 643 2559 innumerabilium
657 2501 791 2557 malorum
807 2507 862 2553 tam

60 2577 223 2647 passimam,
250 2586 306 2632 tam
323 2578 434 2633 noxiam
454 2578 613 2650 preparavit
631 2578 714 2631 etiam
731 2575 862 2643 approxi-

61 2651 200 2706 mantibus
209 2653 372 2722 perniciem.
402 2653 515 2707 Ismaltel
523 2648 770 2723 paterestauris‚
788 2664 863 2701 con-

61 2726 151 2798 tagio
164 2726 327 2795 visionis3
348 2744 428 2782 caeca
439 2735 480 2782 est
490 2727 565 2781 enim
575 2741 653 2779 mens
664 2722 863 2792 concupiscen-

63 2802 107 2855 tiis
117 2799 225 2865 dedita‚
248 2818 299 2857 nec
312 2810 402 2875 potest
415 2802 517 2858 intueri
529 2809 584 2855 tam
595 2798 680 2871 digna
690 2795 725 2851 ad
735 2795 863 2851 conside·
