2050 3100
70 198 181 265 [mast]
251 204 293 249 rra
313 184 638 279 estasiasmeno
656 204 698 251 nr.
846 204 877 256 {5

68 312 122 359 tute
142 302 308 376 praeditum
321 303 350 356 in
365 303 481 357 consilio
494 319 560 367 suo,
583 306 680 375 nequit
693 322 803 362 servare
816 307 876 363 lra-

68 388 142 434 ctum
156 396 246 434 suum
260 377 295 431 ad
309 373 405 444 finem3
434 377 464 430 id
474 380 551 431 enim
563 378 641 433 decet
653 381 771 451 probum
784 382 875 438 homi-

68 471 129 509 nem
148 452 290 522 consequi
309 452 381 506 ultro
400 452 544 516 meditata,
571 454 645 507 sicut
659 455 742 509 etiam
754 456 796 510 eis
809 474 875 513 con-

68 544 171 600 gruum
183 527 341 597 sapientiae
355 526 512 579 consilium.
556 526 691 593 Quoniam
704 531 778 584 sicut
795 532 875 587 arbo-

67 620 110 657 res
121 602 269 673 quaedam
282 602 335 655 etsi
343 599 452 654 leraoes
461 609 527 655 sunt
535 602 565 654 in
575 605 664 673 prima
675 606 874 675 germinatione

67 676 229 739 fructuum,
246 675 352 729 noune
361 682 453 729 umen
462 691 517 729 non
530 676 635 741 valent,
652 678 690 731 ita
703 680 779 733 utob
789 682 874 734 mini-

68 769 126 807 mas
142 768 247 805 causas
263 756 338 803 totus
351 747 457 803 fructus
475 758 538 803 ante
557 753 764 807 maturationem
778 754 875 809 discu-

67 827 168 881 tiatur:
211 824 342 879 similiter
368 824 582 878 inconstantium
604 826 712 881 animae
730 828 817 883 multa
838 828 874 883 ad

68 900 245 956 fertilitatem
257 898 384 952 iuvantia
397 898 533 963 sentiunt,
547 901 653 973 integra
663 909 754 957 tamen
763 920 874 958 servaro

67 993 97 1029 ea
110 975 248 1029 nesciunt
258 980 324 1027 ante
336 971 546 1043 perlectionem,
561 991 632 1045 quae
645 973 756 1031 virtutis
766 977 874 1031 studio-

67 1067 130 1103 sum
144 1048 243 1111 decet,
262 1055 293 1101 nt
305 1054 445 1117 tamquam
457 1048 595 1120 propriam
604 1052 806 1121 possessionem
816 1052 874 1106 col-

67 1124 147 1197 ligat.

68 1318 106 1384 [Ἶ
131 1315 201 1374 Quid
223 1326 256 1365 est
274 1352 291 1377 ‚,
302 1314 339 1363 Tu
359 1324 436 1364 autem
455 1314 501 1365 itis
519 1314 555 1363 od
566 1324 651 1378 patrea
669 1323 722 1364 tuoe
739 1332 872 1381 cumpace,

191 1383 294 1433 namtas
310 1382 335 1431 in
354 1391 450 1431 senecta
464 1382 611 1446 paletro“t
629 1386 683 1445 (15,
705 1384 758 1446 15.)

128 1528 172 1580 ll.
193 1522 339 1582 Manifesta
353 1523 642 1596 incorruptibilitatem
655 1525 762 1580 animae
775 1524 875 1582 subin-

65 1601 160 1665 dicat,
188 1598 380 1654 translercntis
399 1615 430 1652 so
445 1616 482 1652 ex
498 1599 656 1654 habitaculo
672 1600 795 1654 mortalis
812 1618 875 1655 cor-

68 1677 148 1748 poris
161 1681 190 1729 et
202 1673 344 1730 redeuntis
357 1673 476 1729 velutin
488 1674 653 1745 metropolin
664 1675 784 1745 patriae,
800 1675 874 1730 unde

67 1751 197 1822 primurn
210 1749 266 1803 lruc
283 1747 459 1820 demigravit.
486 1747 727 1819 Quandoquidem
745 1747 876 1804 defuncto

68 1825 181 1880 dicere:
208 1825 264 1878 ltu
275 1827 313 1878 ad
322 1833 413 1890 palaea
427 1831 496 1886 tom,
514 1822 588 1893 quid
600 1831 643 1877 est
655 1822 745 1887 aliud,
764 1823 819 1878 nisi
833 1823 875 1878 al·

70 1907 160 1954 teram
183 1899 270 1954 vitam
291 1913 442 1968 proponere
464 1896 571 1968 absque
583 1914 711 1968 torpore,
738 1906 875 1967 quatenns

71 1975 182 2030 animae
191 1972 247 2027 soli
259 1972 393 2042 sapientis
406 1972 535 2026 convenit
547 1970 660 2027 vivere?
684 1973 774 2026 Patres
782 1981 874 2026 autem

71 2048 215 2109 mahat,
235 2063 289 2100 non
302 2045 439 2117 genitores
452 2046 512 2100 eius
525 2062 648 2116 avosque
661 2053 688 2100 et
699 2046 817 2102 maiores
830 2047 875 2100 in-

70 2123 181 2177 ducens
197 2121 251 2186 ait3
283 2137 339 2174 nou
356 2121 431 2174 enim
444 2137 541 2174 omnes
556 2119 639 2174 laude
660 2120 740 2192 digni
761 2121 875 2175 exstite-

73 2203 150 2260 runt,
172 2195 212 2250 ua
224 2203 255 2250 ut
268 2194 365 2249 honori
377 2203 490 2264 possent
499 2211 564 2249 esse
573 2195 603 2248 ei
615 2195 664 2265 qai
678 2205 820 2250 assecutus
833 2204 875 2249 est

72 2269 283 2325 successionem
294 2268 420 2332 eiusdem
430 2269 550 2322 ordinis:
575 2269 779 2324 sedvisumest
786 2279 875 2338 potres

74 2345 232 2418 assignare,
244 2351 276 2398 ut
287 2343 436 2398 multorum
449 2352 491 2398 est
503 2344 651 2407 sententia,
667 2343 800 2398 elementa
809 2344 875 2398 uni-

75 2436 168 2482 versa.
193 2417 225 2472 in
242 2433 313 2487 quae
326 2417 456 2472 resolutio
472 2417 504 2472 fit
519 2417 659 2474 dissoluti.
698 2418 766 2475 lllhi
783 2426 875 2472 tamen

74 2492 186 2548 videtur
197 2490 346 2564 designare
360 2493 533 2563 incorporeas
550 2491 718 2547 substantim
735 2501 817 2560 aurae
832 2490 876 2543 di-

75 2567 136 2622 vini
149 2564 251 2620 mundi
259 2565 439 2631 habitatores,
454 2583 524 2637 qnos
531 2565 603 2621 alibi
613 2567 726 2638 angelos
735 2563 876 2634 appellare

75 2641 232 2699 cousuevit.
279 2641 360 2697 Porro
377 2658 431 2696 non
450 2640 551 2696 frustra
573 2640 642 2694 dicit
662 2638 820 2706 sequentia,
846 2636 877 2689 in

76 2731 144 2786 pace
163 2713 301 2768 nutritum
320 2733 385 2771 enm
406 2731 468 2770 esse
489 2723 517 2770 et
536 2715 567 2768 in
589 2712 705 2784 pulchra
727 2716 877 2762 senectute.
