2050 3100
158 196 192 248 32
383 201 531 250 PH1LON
535 202 569 247 Is
588 200 726 248 IUDAEI
870 195 901 264 [1,
912 197 954 262 lb]

157 319 216 356 ram
225 300 384 370 adhibentis
395 300 523 372 nihilque
537 301 658 374 amplius
673 301 793 375 agentis,
815 303 872 356 nisi
885 303 956 374 quod

157 377 213 448 ipsi
220 376 352 432 decorem
359 375 436 442 lavat,
443 390 548 448 nempe·
554 386 594 442 ut,
601 394 670 449 puer
680 377 733 436 etsi
743 376 846 434 similis
856 378 894 434 sit
902 396 957 434 ma-

159 453 194 506 tri
203 469 283 515 suae,
301 470 332 506 aa
341 468 452 523 quoque
461 452 635 524 auferantur,
651 469 723 524 quae
733 452 836 523 pudori
844 453 889 509 illi
901 471 957 510 esse

157 535 282 598 possunt.
321 526 434 592 Quodsi
445 536 594 583 contumax
603 527 651 583 ille
662 529 815 599 reperiatur
825 545 957 600 respuens

157 599 237 657 curas
248 601 304 657 sibi
313 601 466 666 adhibitas,
486 620 541 658 non
552 603 616 657 ideo
626 602 740 660 desistet
755 605 865 667 nutrix,
887 622 957 660 nunc

158 694 237 733 aures
247 692 334 749 puero
343 677 491 741 vellicans,
511 694 586 733 nuno
600 677 739 749 plectens,
754 678 835 741 ¹alias
848 695 957 750 quoque

157 753 240 808 minis
249 753 490 825 perterrefaciens,
506 761 551 817 ut,
571 753 832 824 quamvisjnvitus,
844 755 958 826 recipiat

158 828 302 883 honestum
312 828 434 898 corporis
443 821 580 883 habitum.
620 827 732 900 Oportet
743 829 831 892 enim,
848 832 958 900 quaein

156 903 214 957 lilio
232 903 309 958 velut
327 918 390 960 ossa
408 887 548 974 superllua
565 903 701 974 pudorem
716 903 847 968 afferunt,
870 905 958 980 tollia

156 979 330 1049 parentibus,
352 979 403 1033 etsi
418 978 512 1033 dolore
527 978 600 1033 allici
614 987 641 1033 et
654 980 709 1050 ipsi
719 978 883 1044 videantur,
906 983 958 1035 imo

156 1055 219 1108 licet
229 1053 395 1126 quandoque
405 1052 496 1108 doleat
505 1054 566 1125 ipsa
576 1071 687 1126 quoquc
701 1055 797 1111 nutrix
809 1062 897 1127 atqua
912 1058 958 1112 tri-

153 1138 249 1186 stetur.

210 1218 253 1274 47.
278 1220 372 1288 ltaque
387 1217 563 1294 providentia
577 1217 701 1272 immittit
715 1217 883 1290 grandinea,
907 1219 959 1275 lul·
1001 1261 1002 1266 κ

154 1296 243 1358 mina,
264 1293 397 1358 locustas,
418 1295 450 1348 ut
464 1293 550 1348 variis
566 1291 683 1366 flagellis
697 1292 732 1349 ad
742 1294 876 1349 virtutem
889 1293 958 1351 [ilios

154 1369 287 1433 adducat,
308 1369 361 1424 etsi
376 1368 422 1423 isti
438 1368 600 1439 insipientia
610 1369 687 1434 ducti
698 1376 876 1432 contumaces
888 1371 957 1426 sint:

154 1460 244 1514 neque
254 1444 330 1499 enim
340 1443 419 1500 decet
427 1443 645 1516 providentiam,
662 1443 818 1515 relinquere
829 1443 959 1501 homines

153 1519 231 1574 velut
248 1519 424 1591 providentia
443 1518 599 1575 destitutos.
646 1521 716 1575 Nam
735 1520 760 1574 si
779 1520 960 1592 providentie

153 1610 207 1648 non
217 1603 302 1660 esset,
315 1597 393 1651 nullo
404 1595 497 1651 dolore
510 1594 547 1671 [*]
559 1595 714 1651 afficeretur
724 1596 849 1661 animus,
866 1615 961 1670 nequo

152 1669 248 1724 morbo
259 1671 316 1725 ullo
325 1679 485 1734 vexaretur,
500 1688 532 1726 eo
543 1670 617 1743 quod
627 1688 708 1727 nemo
718 1680 790 1725 esset
799 1673 850 1743 qui
861 1670 962 1746 flagel-

154 1746 231 1799 laret.
270 1744 305 1799 At
313 1746 338 1798 si
348 1759 403 1801 non
414 1748 591 1818 corripiatur,
608 1763 662 1802 non
673 1748 796 1819 acquiret
808 1749 961 1803 sanitatem

152 1820 266 1886 mentis3
298 1819 386 1874 deerit
404 1822 478 1875 enim
497 1823 524 1877 ei
544 1820 706 1877 admonitor.
744 1820 799 1888 Qui
819 1838 889 1895 ergo
907 1841 962 1879 non

153 1894 293 1966 cognoscit
301 1894 515 1965 providentiam,
530 1906 673 1971 cognoscet
682 1914 718 1952 ex
727 1894 846 1951 morbis:
868 1914 963 1971 quum

153 1970 276 2041 alioquin
290 1978 397 2026 mortua
411 1979 507 2027 natura
520 1972 643 2045 putanda
653 1974 703 2037 sit,
713 1990 715 1993 ·
725 1986 796 2043 quae
806 1989 862 2027 non
873 1976 963 2029 sentit

152 2045 284 2100 dolorem.
587 2059 590 2067 ’

209 2140 251 2193 ta.
276 2136 312 2194 At
325 2139 539 2210 improvidentia
554 2138 626 2195 nulli
640 2141 680 2194 rei
696 2142 758 2211 apti
772 2154 833 2193 esse
848 2148 960 2210 potest3

152 2230 215 2267 nam
225 2214 306 2284 quasi
316 2222 453 2268 mortuum
464 2231 564 2286 corpus
575 2216 649 2269 iners
659 2223 700 2269 est
713 2230 817 2285 neque,
840 2216 897 2269 etsi
914 2218 961 2279 sit,

151 2290 302 2359 quicquam
316 2297 448 2359 praestat,
470 2290 521 2346 sed
535 2289 650 2362 perinde
665 2298 707 2345 est
721 2307 752 2344 ao
765 2289 789 2343 si
804 2290 859 2343 uon
872 2299 963 2346 esset.

152 2364 187 2417 At
200 2363 390 2435 providentiae
408 2366 551 2436 proprium
570 2374 611 2420 est
624 2368 778 2435 'utrumque
797 2372 962 2434 praestare:

151 2438 291 2506 siquidem
301 2436 421 2494 florescit
429 2448 460 2494 ut
469 2441 545 2501 vive,
558 2438 694 2497 afferendo
702 2438 777 2511 quod
787 2437 887 2506 habeti
914 2440 967 2495 dat

150 2509 223 2565 siout
237 2508 408 2577 deliberans,
430 2523 459 2567 et
472 2513 572 2587 aflligit
586 2514 716 2571 tollendo.
755 2514 826 2567 Nam
842 2514 965 2568 virtutis

150 2580 277 2637 bravium
292 2585 436 2659 (βραβεῖον)
449 2587 587 2651 honestet,
609 2605 675 2658 praa
685 2606 714 2643 sc
725 2586 816 2642 ferens
827 2586 965 2642 liberali-

149 2659 433 2734 tatemsineinvidia:
464 2662 502 2714 ita
511 2669 543 2715 ut
553 2661 723 2733 congaudeat
732 2662 790 2725 illi,
812 2662 864 2733 qui
880 2663 966 2719 acci-

149 2731 204 2786 pit,
220 2729 296 2791 etei,
313 2746 394 2800 aquo
404 2732 707 2797 aufertur,condoleat.
