2050 3100
64 267 176 337 [11,tat.]
233 274 274 320 IN
294 273 473 320 GENESIN.
500 273 634 320 suasio
648 274 691 322 Ν.
815 270 867 324 285

65 391 237 433 consessores
251 373 479 446 consiliariosque
494 375 641 430 consilium
657 377 756 431 animi:
788 375 865 443 Quod

64 453 87 506 si
103 449 409 522 lucidam'fidelemque
423 451 574 522 patientiae
588 459 615 505 et
634 452 802 506 constantiae
822 454 868 506 vi·

63 535 117 582 tam
132 526 277 598 acquirere
290 524 422 589 studetis,
444 524 474 578 in
489 527 627 596 quantuni
643 525 773 582 assidetis
792 527 866 599 apud

62 601 250 666 invidiosum,
271 601 347 655 omni
361 599 487 654 libertate
497 599 646 655 invadente
656 616 702 667 ec,
722 602 868 674 vixsupe·

61 678 148 732 riores
162 676 241 732 critis
255 674 399 756 periculis.
440 673 490 729 Sin
501 682 593 730 autem
603 675 790 733 valedicentes
801 695 867 732 conv

61 751 172 807 cordiae
188 749 358 816 abscedetis,
377 748 463 806 nolite
478 765 530 804 nec
538 749 615 806 illico
623 760 765 824 tamquam
775 754 868 809 inccr-

60 827 138 900 porei
160 825 250 882 effecti
265 832 438 883 contemnere
453 841 596 896 corporea,
618 843 708 898 neque
722 827 867 884 brutorum

61 919 137 959 more
148 902 270 976 cogitare
284 900 361 956 cibos
376 901 561 966 necessarios,
581 899 632 955 sed
645 902 729 957 simul
743 920 794 975 per
807 921 867 958 me-

61 977 137 1033 diam
152 976 331 1032 revertamini
346 976 435 1040 viam,
457 991 509 1030 nec
523 975 677 1031 cruciantes
692 976 764 1034 lame
776 995 867 1050 penu,

59 1054 159 1124 niaque
175 1067 286 1107 carnem
301 1067 391 1122 neque
403 1049 567 1106 adhibentes
577 1051 603 1106 ei
613 1051 749 1124 quicquid
760 1053 866 1115 lautum

60 1136 148 1184 estex
159 1126 280 1184 diversis
290 1125 415 1190 deliciis,
435 1125 487 1180 sed
497 1125 620 1198 simplici
631 1127 708 1183 victu
718 1126 867 1200 diligenter

58 1204 148 1258 vitem
169 1201 272 1258 ducite.
316 1199 390 1268 Quid
410 1201 484 1262 enim
502 1197 540 1276 [³¹⁵]
557 1200 634 1258 aliud
653 1201 811 1274 simplicius
830 1204 867 1256 sit

59 1277 124 1334 alho
133 1276 239 1341 colore,
253 1276 304 1348 qui
314 1283 427 1334 vocatur
437 1275 586 1332 Chaldaice
595 1274 707 1333 Labant
730 1274 866 1343 Quoniam

58 1369 171 1408 summa
181 1359 272 1407 errant
282 1367 428 1424 errareque
439 1349 545 1406 faciunt
554 1351 584 1406 in
594 1351 730 1406 contraria
740 1367 801 1416 eos,
816 1351 866 1421 qui

60 1604 112 1659 Sin
121 1618 190 1658 vero
199 1603 294 1659 vitatis
307 1603 369 1659 eius
378 1604 540 1675 colloquiis,
555 1603 649 1658 valere
658 1601 800 1666 dixeritis,
816 1617 867 1673 pe-

60 1680 137 1733 nitus
147 1678 268 1749 separati
277 1685 409 1749 tanquam
420 1678 619 1750 incorporales,
641 1694 676 1733 ne
686 1678 792 1733 victum
802 1676 867 1748 qui-

61 1753 127 1809 dem
145 1752 339 1825 quotidianum
358 1752 508 1809 hahebitis.
558 1752 614 1809 Sed
632 1753 726 1824 potius
745 1751 866 1808 mediam

61 1828 179 1900 arripite
188 1827 277 1893 viam,
299 1844 487 1901 necunquam
503 1825 644 1883 laedentes
653 1828 744 1883 esurie
755 1844 864 1900 corpus,

60 1918 133 1959 neve
153 1918 250 1957 rursus
268 1904 520 1959 sumministrantes
538 1902 582 1958 illi
601 1904 770 1962 suavitatum
789 1902 866 1967 varia

60 1978 234 2051 gustamina,
255 1977 306 2033 sed
319 1977 485 2051 simpliciter
500 1976 622 2032 fruentes
643 1978 757 2033 tutiores
776 1977 864 2033 eritis.

60 2052 138 2119 Quid
158 2051 233 2109 enim
252 2053 410 2125 simplicius
430 2051 544 2111 candidi
558 2052 670 2117 coloris,
694 2051 770 2123 quod
784 2051 867 2108 Chal-

61 2127 126 2183 daei
137 2127 353 2183 vccantLahan‘l
366 2127 442 2183 Ultra
452 2125 565 2181 modum
575 2142 640 2199 ergo
649 2126 763 2182 meliora
774 2127 867 2183 conci-

61 2202 129 2258 dere
143 2209 261 2279 possunt
275 2202 309 2257 ad
323 2204 432 2274 peiora,
457 2200 566 2256 mediae
581 2218 646 2257 vcro
661 2200 764 2257 hahent
781 2202 866 2256 inter-

62 2276 171 2332 vallum
184 2275 219 2331 ad
231 2285 388 2348 paraturam
399 2276 554 2341 custodiae,
573 2276 687 2349 nequid
697 2276 790 2332 suhito
800 2275 867 2331 aho-

62 2350 228 2409 minandum
241 2354 395 2422 proveniat.
437 2348 518 2426 [Ante
535 2350 639 2410 Christi
657 2351 809 2410 adventum
821 2350 867 2404 iu-

62 2434 123 2481 stus
139 2425 200 2488 illic
214 2427 385 2492 morabatur,
410 2426 461 2489 ubi
479 2428 559 2499 signa
578 2425 649 2482 coeli
667 2433 866 2499 cognoscantur

62 2518 113 2572 per
134 2508 276 2557 nocturam
296 2501 394 2556 mundi
418 2501 597 2573 sapientiam,
636 2518 708 2572 quae
732 2507 773 2562 est
795 2500 867 2552 inter

62 2590 212 2647 vesperum
223 2583 250 2630 et
259 2577 435 2631 matutinum.
460 2576 539 2646 llunc
549 2576 867 2649 statumprimustraus·

63 2650 96 2705 iit
114 2648 265 2711 Abrabam.
305 2651 362 2705 lam
379 2651 496 2723 pervide
515 2650 652 2717 vocabula
666 2644 867 2704 Chaldaeorum

64 2740 117 2781 nou
128 2732 171 2780 est
180 2723 354 2781 delirationis
365 2734 413 2781 aut
421 2742 552 2781 excessus
557 2738 661 2779 noman
672 2721 733 2784 hoc,
745 2718 797 2773 sed
805 2717 868 2772 cul·

63 2816 100 2871 pa
112 2800 236 2873 denique
251 2807 310 2854 acta
324 2801 354 2855 in
365 2808 522 2871 peccatores
536 2799 672 2853 dicuntur
678 2794 812 2852 llehraice
822 2808 869 2847 se-
