2050 3100
66 169 164 248 sunt]
226 182 268 226 1u
287 180 466 226 sunnam.
486 180 615 225 sunno
635 179 680 224 111.
822 171 854 224 59

63 284 107 412 vitta
116 283 193 337 enim
204 289 250 336 est
258 282 312 337 ieta
320 281 417 336 divino
426 281 586 352 oonspeotui
595 279 733 353 condigna
739 277 855 334 verbum

63 375 74 411 e
89 366 175 414 ootum
186 373 261 413 esse.

65 511 133 570 (ϋηο
151 514 279 564 ornandum
297 513 400 562 deinum
419 512 453 560 od
473 511 565 562 modum
588 509 707 560 annuendi
723 509 805 573 „dicit
825 507 859 556 od

117 583 261 632 Abraham:
292 580 375 631 Etiam
395 582 436 643 (s.
459 579 536 644 Ita)‚·
567 595 620 630 occo
641 576 723 627 Sam
738 593 799 628 teter
817 585 858 626 Μ

113 652 198 715 puniet
208 647 376 712 tioifidum‘o
394 648 447 712 (17,
460 649 514 711 19.)

110 769 152 821 58.
182 766 306 821 Intentio
325 766 477 820 sententiae
496 765 561 819 talis
580 772 634 818 est:
665 761 807 819 Confessio
828 778 860 815 ac

17 898 18 903 χ
62 839 211 915 homologia
231 842 301 906 ista,
328 842 379 906 ait,
406 855 466 894 mea
482 848 558 912 parte
579 838 711 894 admissio
732 845 773 893 est
790 837 857 898 voti,

62 915 135 984 plena
149 915 300 972 manifeste
314 933 384 988 pura
399 914 517 983 laetitia3
539 923 565 970 ot
580 914 648 968 fides
667 922 714 970 tua
733 930 786 967 non
807 911 860 966 sub

17 1000 18 1003 ’
63 989 152 1057 dubio,
165 991 218 1046 sed
228 995 292 1046 sine
302 991 482 1045 haesitatione
495 997 601 1062 partem
616 988 698 1044 habet
708 988 860 1060 pudicitiae

63 1068 296 1138 reverentiaeque.
335 1065 400 1121 Ideo
414 1065 488 1136 quod
506 1071 584 1119 antea
600 1063 745 1134 accepisti,
771 1070 802 1116 ut
817 1060 862 1115 iu-

65 1149 148 1195 tmum
163 1152 280 1213 propter
294 1149 370 1196 tuam
390 1137 426 1214 [Ἴ
448 1141 478 1194 in
495 1156 540 1194 me
555 1139 653 1202 fidem,
675 1136 721 1190 fiat
733 1136 858 1202 omuino;

63 1214 109 1269 hoo
121 1218 196 1272 euim
206 1217 330 1273 declarat
340 1214 413 1270 illud
426 1215 520 1270 Etiam.

69 1370 144 1426 Quare
161 1375 234 1424 dicit.-
263 1409 280 1434 ‚‚
292 1372 378 1422 Vemm
398 1381 420 1420 et
440 1371 470 1420 de
483 1369 574 1420 lemael
592 1385 645 1416 ecee
661 1363 786 1415 exaudiam
804 1374 826 1414 te
842 1374 864 1414 et

106 1441 286 1501 medeam
304 1435 685 1504 duodecimqenwyonerndffl?
703 1437 755 1496 (17,
766 1433 820 1493 90.)

119 1561 160 1614 59.
184 1560 221 1616 Et
239 1561 362 1632 primum
376 1568 403 1615 et
418 1556 572 1630 seeundum
589 1554 721 1619 concedo,
741 1551 792 1617 ait,
813 1552 864 1621 bo-

69 1648 143 1688 uum:
167 1635 243 1691 bona
260 1635 393 1692 videlicet
409 1643 523 1689 naturae
542 1632 668 1703 bonaque
687 1628 863 1701 disciplinae.

69 1706 116 1762 Per
128 1718 254 1766 naturam
268 1709 354 1774 illud,
380 1708 455 1780 quod
472 1705 626 1763 secuudum
641 1706 794 1778 genuinum
807 1704 865 1757 Isa-

72 1798 145 1838 acum
157 1794 213 1851 est,
239 1793 266 1840 et
282 1803 333 1857 per
347 1784 540 1857 disciplinam,
566 1778 640 1853 quod
655 1789 698 1836 est
711 1776 865 1835 seeundum

72 1857 163 1914 lsmael
176 1878 231 1916 nou
247 1860 411 1933 genuinum.
449 1858 570 1914 Auditus
585 1856 659 1911 enim
674 1854 788 1911 collatus
803 1868 866 1907 oum

73 1932 132 1987 visu
146 1944 186 1991 est
198 1936 272 1991 siout
287 1952 341 1991 non
354 1934 494 2008 genuinus
509 1949 573 1988 oum
592 1931 726 2005 genuino,
752 1937 779 1983 et
791 1926 866 1998 quod

74 2004 101 2061 tit
117 2025 165 2081 per
184 2010 378 2081 disciplinam,
403 2026 458 2065 uon
475 2017 518 2065 est
532 2005 658 2066 eiusdem
672 2004 785 2060 rationis
803 2018 866 2057 oum

74 2080 132 2148 int),
147 2084 221 2157 quod
231 2103 281 2159 per
290 2095 416 2141 naturam
426 2093 476 2143 est.
515 2083 633 2139 Generat
643 2089 735 2137 autem
743 2078 867 2133 nationes

77 2154 216 2217 duodecim
224 2158 367 2216 studiosus
377 2177 429 2216 ouo
448 2156 621 2231 olopaediae,
634 2173 697 2213 nam
708 2152 866 2227 encyclious

77 2247 201 2291 numerus
215 2245 256 2291 est
269 2234 407 2293 duodenis
444 2236 533 2292 'erum
548 2247 737 2303 annorumque
748 2226 866 2303 periodi.

84 2382 155 2441 Qu
168 2390 237 2443 dicit:
253 2429 271 2457 ‚,
281 2392 454 2445 Testamentum
466 2409 522 2442 vero
537 2408 610 2441 meum
623 2398 727 2441 statuam
741 2385 775 2437 ad
784 2386 866 2445 Isaac,

141 2475 205 2589 Ξίιξηι
212 2462 300 2590 ewa
318 2459 399 2512 Sena
414 2461 439 2511 in
459 2469 561 2525 tempore
576 2458 619 2507 hoo
635 2458 659 2507 in
675 2472 737 2507 anno
755 2453 870 2502 altero“?

187 2563 194 2589 ‚
245 2564 252 2577 .

133 2633 175 2686 60·
210 2634 445 2701 Quemadmodum
471 2637 502 2689 in
531 2634 676 2689 hominum
702 2627 872 2681 testamentis

89 2704 194 2771 quidem
205 2710 393 2768 inscribuntur
408 2709 540 2773 heredes,
562 2716 590 2763 et
604 2703 691 2774 aliqui
704 2699 784 2755 donis
795 2698 873 2769 digni
