2050 3100
172 186 220 237 tlt
244 190 340 235 earn.
360 188 432 234 run.
453 187 615 245 Quanam.
633 188 684 232 nu
704 187 780 231 son.
801 180 976 247 [actaeae]

171 289 224 362 (vel
246 289 351 343 animae
372 287 547 359 anxietatem)
561 304 706 350 censuere,
727 284 803 358 quod
822 287 851 339 in
872 295 976 341 natura

170 366 226 417 sint
236 380 267 417 ea
276 370 395 426 tantum,
412 379 483 433 quae
493 363 548 433 ipsi
559 362 611 415 soli
622 370 766 417 noverunt.
798 361 890 414 Bonum
903 378 976 415 vero

170 437 335 492 contrarium
345 438 440 501 sentit,
456 437 557 500 sciens,
571 436 646 507 quod
655 453 754 507 parum
762 435 807 489 vel
817 434 890 489 nihil
904 436 972 498 scit,

170 513 289 567 maxime
299 518 409 582 propter
420 509 456 585 [Ἴ
469 518 581 565 naturae
592 510 825 583 magnitudinem,
837 524 911 579 quae
921 526 974 564 su-

170 595 247 657 perat
256 586 474 656 experimentum
485 582 519 655 (s.
530 602 639 639 omnem
650 582 847 655 altitudinem:
867 600 973 654 qnam

169 660 264 715 obrem
278 677 314 715 ex
328 659 424 715 divino
438 658 538 713 didicit
552 660 677 731 accipere
687 658 761 714 fonte
770 674 883 728 aquam,
900 674 935 711 ac
945 659 971 711 ei

170 735 239 789 nihil
250 735 360 805 proprie
370 752 385 788 a
395 750 425 789 se
434 732 546 797 habeat,
562 734 612 788 sed
626 743 712 791 totum
724 733 858 803 receperit
868 749 904 787 ex
914 749 971 804 pu-

169 826 199 863 ra
209 817 235 863 et
246 808 410 864 inexhausta
418 807 553 880 sapientia
563 808 621 864 dei.

173 946 253 1005 Quare
277 949 386 1013 deinceps
410 966 456 999 aon
483 948 583 1012 amplius
600 967 674 1013 puer
695 952 731 1014 (a.
752 948 847 1011 aeuus)
870 947 966 1009 άίείιιιν,

235 1016 279 1064 sed
291 1017 389 1066 domat
417 1016 452 1065 ait
466 1017 538 1079 euim,
558 1017 623 1079 quod
638 1016 739 1080 „Homo
757 1016 894 1065 aarum
911 1031 968 1063 coa·

235 1083 385 1145 adoratori)
405 1100 468 1144 eam,
497 1092 521 1133 et
541 1086 647 1146 tacebat,
676 1084 711 1133 ad
727 1081 923 1148 coqnoeceuduut,
946 1082 970 1130 ei

233 1152 416 1215 prosperitatem
426 1150 555 1200 exhibuerit
563 1151 610 1199 eibi
617 1151 722 1201 domiuus
731 1150 788 1199 deus
795 1152 829 1197 “t
844 1151 897 1210 (24,
909 1151 966 1209 21.)

225 1256 282 1307 lu8.
303 1252 438 1319 Quoniam
448 1253 517 1308 dum
526 1252 706 1323 praeparabat
715 1269 745 1306 ee
755 1252 790 1307 ad
800 1249 964 1306 discendnm

168 1328 335 1399 initiumque
350 1327 468 1383 faciebat
482 1327 635 1392 doctrinae,
656 1327 686 1381 in
703 1343 816 1381 numero
830 1327 965 1381 iuvenum

168 1402 446 1473 imperfectorumque
460 1402 636 1469 censebatur3
658 1418 743 1472 quum
758 1418 823 1456 vero
835 1416 965 1472 progres-

167 1491 216 1528 sus
227 1484 268 1529 est
278 1476 380 1539 factus,
392 1476 473 1531 homo
484 1484 526 1531 est
535 1484 676 1548 reputatus
685 1475 838 1538 rationalis,
849 1476 897 1546 qui
908 1475 962 1528 iam

168 1565 279 1620 compos
289 1552 325 1603 sit
335 1567 468 1622 usurpare
478 1553 560 1606 etiam
571 1550 686 1612 verbum
696 1552 910 1622 pronuntiatum.
937 1551 963 1603 ls

168 1639 233 1694 ergo
246 1623 393 1694 proficiens
410 1625 551 1696 exemplar
567 1633 609 1680 eet
622 1643 743 1690 morum,
764 1634 902 1696 tamquam
917 1625 964 1695 pi-

168 1706 272 1753 cturam
282 1697 496 1768 pulcherrimam
507 1699 606 1756 videus
616 1700 830 1773 intelligensque
838 1708 963 1755 naturam

168 1772 293 1844 magistri
308 1773 459 1844 sapientiae
473 1775 642 1846 ingeniosae.
681 1775 790 1839 Tacitus
807 1783 896 1829 autem
906 1783 963 1828 sta-

167 1846 215 1900 bat
227 1846 346 1901 multum
359 1846 459 1902 cedens
474 1848 598 1918 loquenti
611 1850 641 1903 in
654 1867 684 1903 se
694 1850 754 1911 sine
763 1867 809 1904 ore
820 1857 847 1906 et
856 1848 960 1921 lingua,

167 1921 357 1975 instrumentis
369 1922 540 1987 acvocihus,
558 1923 761 1988 verbodivino,
782 1923 962 1996 intelligendo

168 2003 248 2064 atque
258 1996 466 2066 contemplando
476 1997 567 2062 illam,
588 2013 659 2068 quae
669 1999 697 2052 in
709 1999 839 2055 virtutem
848 2015 963 2070 prospe-

167 2070 330 2140 ritatemque
345 2070 434 2135 ducit,
459 2073 547 2127 viam:
571 2080 664 2127 utrum
678 2073 809 2128 videlicet
821 2074 963 2144 perveniat

167 2142 201 2197 ad
211 2143 290 2199 eam‘l
314 2144 381 2198 alias
391 2162 454 2200 vera
465 2147 632 2218 prosperitas
643 2148 673 2202 in
685 2148 763 2203 nullo
776 2148 901 2204 consistit
915 2165 962 2202 eo-

167 2229 238 2282 rum,
245 2234 316 2289 quae
326 2220 356 2272 in
366 2221 488 2292 materiis
498 2229 572 2286 sunt,
583 2222 644 2277 eive
652 2223 769 2297 privata,
779 2224 839 2278 sive
848 2221 961 2293 publica

168 2293 309 2364 autregia.

168 2406 204 2470 [Ἴ
222 2406 280 2469 Cur,
296 2417 424 2472 postquam
440 2421 561 2463 emerunt
574 2429 653 2464 omues
665 2413 750 2462 cameli
762 2414 875 2475 bidentes,
893 2414 960 2463 loma

199 2475 294 2524 iuaurer
303 2491 390 2525 aureae
399 2478 550 2543 ancillaeque
554 2482 698 2544 praestabat
706 2480 807 2544 captur
816 2486 868 2540 (24,
874 2484 926 2539 22.)

225 2579 281 2630 109.
310 2576 396 2632 Valde
410 2586 452 2633 est
466 2580 603 2635 naturale:
629 2581 679 2650 qui
693 2581 768 2634 enim
778 2579 906 2635 discit-
915 2580 959 2635 di-

164 2673 374 2688 —1——u—

215 2716 236 2762 ⁴)
250 2716 391 2758 adverbum:
402 2720 501 2765 ἀῶαιει,
512 2719 615 2759 accedam
624 2719 652 2756 ad
660 2717 697 2758 Gr.
706 2717 868 2767 κατεμάνθανεν.
881 2720 956 2761 Auca.
