2050 3100
155 182 201 235 tto
275 187 372 232 PHIL.
391 184 465 231 run.
486 184 650 243 Qunnsr.
670 184 719 229 nn
740 184 821 228 son.
843 178 971 243 [masa]
1015 210 1016 249 t

152 298 203 343 est.
242 286 331 352 Quare
342 302 396 341 non
407 285 527 339 inaniter
535 285 774 356 praegustativum
783 282 884 338 dixere
897 285 971 355 qui-
1015 272 1016 299 ³

151 364 214 417 dam
228 360 385 429 odoratum
401 367 428 415 et
440 358 543 414 medici
557 360 611 423 eis,
627 360 677 429 qui
688 357 831 413 doloribus
842 358 969 429 periali-

151 445 256 500 tantur‚
271 451 359 507 quum
368 441 508 506 nequeant
518 433 613 488 cibum
623 433 701 497 dare,
717 431 969 488 odoramen'exhi-
1015 486 1016 489 ,

151 513 228 567 bent.
266 510 298 565 Id
306 511 397 582 primo
410 511 470 565 looo
479 510 517 565 sit
527 508 643 564 dietum.
682 509 785 566 Verum
798 516 825 563 et
839 508 967 563 alterum

151 583 408 658 superaddendum,
442 584 518 657 quod
545 585 617 640 inter
639 600 752 639 sensum
776 584 911 655 generosi
938 592 966 637 et
1015 606 1016 609 ¹

151 660 311 734 philosophi
323 659 466 724 duosam,
481 661 560 716 visus
572 666 599 713 et
609 658 733 715 auditus:
754 658 853 715 tertius
865 666 964 712 autem

151 736 294 800 odoratus,
315 735 425 789 medius
440 731 612 791 interbonos
624 742 651 788 et
660 750 772 805 pravos3
795 730 963 803 provisore
1015 760 1016 783 i

151 820 217 866 sunt
231 828 316 883 pravo
332 809 458 883 (homini)
473 818 572 883 gustus
588 816 615 863 et
628 816 727 865 tactus.
766 808 869 864 Verum
886 808 963 864 inter
1015 814 1016 885 t

151 895 269 958 quatuor
283 886 429 957 bipertitos
444 883 563 958 (sensus)
583 883 711 939 odoratus
729 880 855 940 medium
870 890 959 945 tenet,
1015 890 1016 951 t

150 970 292 1032 tamquam
310 960 428 1016 lucidior
445 961 596 1032 puriorque
615 967 698 1031 gustu
716 966 743 1015 et
757 966 844 1021 tactu,
873 964 961 1028 atque
1015 956 1016 1017 l

152 1036 278 1093 hebetior
287 1035 446 1107 tardiorqne
456 1036 521 1090 visu
531 1043 558 1089 et
568 1033 676 1091 auditu.
702 1031 887 1098 Quamobrem
898 1049 960 1087 me·
1015 1070 1016 1093 t

152 1112 236 1168 liores
246 1113 354 1184 speeies
364 1112 449 1167 trium
456 1126 591 1165 sensuum
601 1107 726 1194 attribuit
739 1104 885 1181 (sriptura)
901 1107 958 1178 ipsi
1015 1108 1016 1137 ³

152 1204 277 1259 quoque,
297 1188 346 1259 qui
356 1188 480 1241 omnium
491 1194 532 1241 est
542 1184 650 1256 primus
661 1200 804 1260 pr1nceps3
825 1190 856 1237 ut
865 1182 956 1244 visus,

153 1263 265 1334 quando
276 1260 357 1317 dioit:
383 1262 449 1318 Vidit
457 1259 521 1318 deus
531 1264 618 1316 omnio
627 1276 693 1327 quoe
701 1263 775 1328 lecit,
789 1266 813 1311 et
823 1274 879 1312 eece
890 1262 957 1311 bono

152 1348 213 1393 suot
230 1341 306 1392 valde
320 1345 396 1406 (Gen.
411 1346 435 1403 1,
450 1343 507 1403 ³03
535 1344 562 1391 et
580 1333 706 1397 auditus,
732 1349 819 1404 quum
835 1331 954 1386 dixerit:

153 1413 316 1465 Auscultate
325 1416 444 1465 dominos
454 1415 539 1479 coenis
551 1416 653 1477 (braim.
664 1418 695 1461 oo
708 1412 775 1477 [oa],
786 1413 829 1473 ao)
837 1424 843 1475 ;
852 1414 877 1461 et
887 1406 956 1461 odo-

154 1493 240 1548 natue,
248 1484 359 1539 dicens:
375 1482 956 1555 Odoratosestdootinut(deos)inodoreaaa·

152 1564 243 1614 vitatis
257 1568 333 1628 (Gen.
348 1570 373 1622 8,
389 1565 446 1624 21).
485 1557 716 1629 Quandoquidem
730 1575 796 1613 vero
810 1558 955 1612 summitas

154 1642 196 1688 est
205 1633 295 1688 felicis
305 1633 379 1687 vitae
389 1648 453 1686 oum
462 1632 515 1687 deo
526 1633 693 1698 similitudo,
706 1648 803 1688 verum
813 1632 894 1686 illum
905 1632 955 1686 ho-

153 1710 258 1764 minem
269 1707 475 1781 (Abrabamum)
486 1724 606 1779 aequum
617 1707 711 1773 duxit,
731 1717 762 1762 ut
771 1715 825 1762 tres
836 1707 891 1761 sibi
902 1707 956 1761 du-

154 1793 228 1839 ceret
237 1799 350 1848 uxores.
367 1782 498 1838 videlicet
512 1783 665 1859 symbolice
675 1786 791 1840 virtutes
802 1782 856 1856 (vel
867 1781 955 1840 tacul-

153 1861 232 1932 tates)
243 1856 378 1930 quasdam
388 1857 535 1923 audiendi,
554 1855 684 1924 videndi,
704 1857 851 1921 odorandi,
871 1874 953 1929 supra

154 1935 246 1988 omnia
261 1932 451 1988 admirandas:
480 1933 611 1990 ancillam
625 1935 758 1990 nimirum
773 1933 862 1998 illam,
883 1949 953 2004 quae

64 2015 70 2021 '
157 2017 267 2064 vocatur
291 2007 439 2064 Chaldaioe
464 2009 538 2079 Ayar
562 2019 589 2066 et
611 2008 740 2083 Latine*)
768 2010 951 2078 Pereortoottm
1015 2051 1016 2078 ἶ

154 2083 235 2138 cuius
250 2083 326 2140 filius
340 2081 393 2138 fuit
407 2087 519 2140 Auditus
536 2089 590 2150 dei,
613 2085 642 2140 id
658 2085 732 2139 enim
751 2092 792 2141 est
811 2081 882 2154 apud
900 2083 952 2138 He·
1015 2079 1016 2152 ζ

154 2160 251 2214 braeos
270 2161 374 2215 ismael.
418 2161 548 2215 Dominae
569 2169 660 2216 autem
685 2161 745 2215 eius
768 2157 861 2230 (filius)
879 2159 953 2212 Risus
1015 2157 1016 2186 ³

154 2234 262 2307 (Isaac),
287 2243 429 2305 tamquam
442 2233 597 2307 spiritualis
611 2235 708 2300 oculus
724 2231 871 2297 etlumen:
891 2249 952 2288 nam

155 2309 304 2365 laetificum
320 2319 361 2364 est
375 2309 469 2366 lumen
483 2319 509 2364 et
523 2311 614 2374 visus,
636 2311 709 2365 siout
719 2317 854 2364 moestum
866 2304 900 2382 [i]
912 2317 953 2362 te-

155 2384 255 2440 nebrae
267 2395 294 2441 et
304 2385 432 2440 caecitas.
472 2385 562 2440 Tertio
574 2382 632 2441 loeo
641 2383 798 2448 odoratum,
813 2399 895 2454 quem
905 2401 952 2438 no-

46 2462 53 2477 '
154 2461 272 2517 minavit
285 2463 351 2516 Thus
361 2465 468 2516 adolens
477 2459 530 2516 sub
542 2461 695 2534 aenigmate
705 2458 825 2522 dictum,
847 2457 951 2514 aCbal-

155 2535 233 2591 daeis
246 2537 368 2593 Ceteram
377 2536 553 2608 appellatam.

207 2694 228 2740 *)
245 2696 307 2736 Philo
322 2697 398 2736 Graece
411 2698 558 2745 expresserat.
576 2694 683 2744 interpres
696 2698 771 2738 noster
782 2697 897 2744 manento,
915 2708 950 2736 nos

156 2744 228 2782 autem
237 2745 312 2787 Latiae
320 2749 466 2797 exposuimus.
492 2747 574 2785 Auoli.
