2050 3100
69 198 182 267 [nus]
255 202 295 247 ru
314 185 490 247 enuusru.
513 202 705 251 suuuorv.
817 199 867 253 205

68 312 181 378 paterna
191 302 229 357 sit
239 300 343 375 dignus
352 300 438 357 libera
449 299 605 369 nobilitete3
631 320 685 359 non
695 302 769 359 enim
780 302 868 359 firmi-

68 389 108 435 ter
121 376 324 433 eonstruxisset
339 377 400 447 ipse
412 377 562 437 orationem
576 394 591 435 u
604 384 681 449 patre
695 376 793 433 laetam
803 396 868 436 eum

68 455 223 509 iuramento
232 458 344 523 propter
358 449 462 515 filium,
483 451 540 512 nisi
550 451 579 505 in
590 452 642 506 isto
652 450 767 511 eandem
777 455 867 510 virtu-

67 537 121 583 tem
132 532 302 584 contestatus
312 533 395 590 esset.
434 524 544 580 Cessete
558 525 819 596 itaque‚libertatem
832 528 866 601 (s.

67 598 410 673 nobilitatem)seeundum
420 616 450 653 se
460 600 591 672 privatim
596 600 748 667 laudantes,
757 602 868 658 disoen-

66 686 165 749 tesque
184 691 281 737 veram
298 671 334 747 [Ἴ
351 691 367 727 a
386 671 491 729 divinis
509 674 653 746 seripturis
671 676 867 747 poenitentiam

67 754 151 825 agite.
191 750 249 804 lloe
263 750 338 803 enim
352 747 497 813 manifeste
510 748 589 817 docet
604 748 758 806 diiudicare
772 761 799 809 et
809 752 868 807 dis-

67 841 181 881 cernere
196 821 369 887 nobilitatem
383 822 518 890 filiorum,
540 838 594 877 non
608 822 683 896 quod
698 842 732 880 ex
741 827 866 898 patribus

65 902 160 973 potius
174 914 261 976 quam
274 897 310 952 ab
325 898 385 952 avis
399 896 480 952 bonis
494 896 693 969 pullulaverint
705 916 791 980 eoque
802 918 867 957 eon-

65 976 136 1030 tenti
160 973 279 1037 fuerint,
310 970 360 1027 sed
384 971 459 1043 quod
483 979 510 1026 et
533 971 588 1043 ipsi
612 973 791 1031 aemulatores
811 976 867 1031 siut

66 1049 179 1121 pietatis
195 1064 300 1102 eorum.
339 1048 426 1101 lmmo
440 1044 515 1117 quod
526 1044 676 1103 absurdum
686 1057 727 1105 est
736 1049 867 1105 involun-

65 1125 137 1179 taria
150 1123 224 1180 bona
239 1121 352 1176 laudare
366 1121 634 1194 involuntariamque
653 1124 864 1199 generationem,

66 1216 155 1270 quum
175 1213 231 1252 uon
251 1212 301 1268 per
320 1195 460 1268 propriam
482 1195 651 1259 voluntatem
675 1198 867 1268 unusquisque

67 1274 154 1328 nostri
168 1271 259 1330 laetus
274 1270 370 1339 fuerit3
398 1277 480 1341 atque
494 1271 680 1335 voluntarium
695 1270 726 1327 iu
735 1269 813 1336 nullo
822 1287 868 1325 or-

68 1346 134 1403 dine
153 1362 311 1403 recensere:
346 1344 533 1399 voluntarium
551 1353 642 1401 autem
662 1352 703 1399 est
722 1342 822 1400 melius
841 1353 868 1411 et

68 1423 136 1479 boni
154 1422 306 1493 acceptatio
325 1420 507 1492 imitatioque.

68 1697 135 1750 dere
144 1695 237 1751 filium
246 1701 376 1766 pateruae
384 1693 576 1766 generositatis
586 1691 712 1800 dignum.
743 1695 868 1750 ltuenim

67 1769 265 1826 confirmentur
284 1767 341 1823 filio
357 1776 486 1842 paternae
501 1766 614 1834 ,foedans
637 1767 783 1842 loretum,
804 1786 868 1824 eum

66 1844 172 1900 similis
191 1845 253 1898 eius
272 1851 412 1916 gestorum
430 1843 520 1898 virtus
540 1843 627 1900 autori
650 1841 866 1911 commendatur.

67 1920 181 1975 cessate
191 1918 386 1990 nuno,generis
399 1916 571 1982 nobilitatem
586 1916 742 1984 laudantes,
763 1918 867 1974 diuinis

68 1995 168 2057 literis,
181 1992 276 2047 audita
286 1992 409 2057 veritate,
422 1991 612 2063 poenitemini.
639 1993 804 2050 Instruimur
813 2010 868 2057 non

67 2068 131 2123 illos
142 2084 243 2130 uocare
255 2082 416 2138 generosos,
436 2067 486 2137 qui
497 2081 533 2119 ex
542 2065 622 2120 bonis
632 2076 809 2138 procreantur
818 2084 869 2139 pa-

67 2142 211 2205 rentibus,
231 2140 282 2196 sed
296 2140 475 2196 aemulatores
490 2147 619 2212 paternae
632 2141 753 2211 pietatis,
792 2142 868 2196 Iniu-

67 2224 142 2271 stum
152 2223 196 2271 est
205 2216 299 2279 minus
310 2214 465 2282 ultroneum
475 2213 577 2269 bonum
588 2214 713 2281 laudare,
733 2231 783 2269 nec
794 2217 867 2279 enim

65 2307 117 2362 per
131 2288 280 2350 cuiusdam
294 2289 441 2343 eonsilium
454 2287 603 2342 nascimur.
642 2290 680 2354 lta
691 2289 765 2356 enlm
775 2291 868 2346 miuus

66 2373 220 2436 spontanea
240 2363 348 2417 bonitas
368 2361 525 2434 pronihilo
545 2363 709 2433 imputatur,
738 2363 868 2434 quoniam

67 2447 254 2508 spontaneum
271 2437 393 2500 melioris
411 2444 488 2499 aetus
500 2437 689 2504 testimonium
703 2447 756 2503 est,
779 2447 806 2496 et
818 2455 869 2508 pu-

66 2521 144 2568 terna
153 2512 284 2567 imitatio.
828 2546 830 2554 ·

119 2686 141 2734 ²)
158 2686 185 2726 In
199 2695 282 2733 moro„-
304 2685 330 2724 In
346 2688 436 2734 utroque
448 2685 564 2734 exemplari
575 2684 633 2733 perir
644 2682 759 2723 vetustatis
771 2681 868 2727 ltelesse-

68 2735 140 2776 tetur.
176 2734 248 2776 cneo
264 2734 388 2785 melum:
411 2735 608 2783 nemmem.
