2050 3100
156 142 205 193 306
280 146 379 191 PHIL.
399 143 473 189 IUD.
494 142 658 201 Quanta.
675 142 726 187 ET
748 144 828 188 801..
848 137 965 204 [11,tst.]

155 244 316 319 cogitationi
333 241 505 311 familiarior.
545 244 649 298 Verum
666 259 722 298 non
740 240 842 297 frustra
857 241 966 297 adiecit

155 330 181 375 et
203 321 368 374 anniculam:
407 334 492 373 annua
512 318 588 373 enim
606 316 729 389 (Graecia
747 314 880 382 ἐνιαυτός,
905 316 965 372 Ar-

155 394 243 448 menia
257 390 327 464 dori)
342 390 517 463 perlectus
530 408 567 447 ex
584 408 617 447 eo
636 400 679 446 est
698 391 869 454 nominatus,
889 392 963 461 quia

154 468 245 523 omnia
260 466 289 519 in
304 482 334 523 aa
348 466 546 537 comprehensa
559 474 659 537 portat.
698 464 834 532 Quoniam
848 482 918 519 varo
931 467 964 519 in

154 540 263 611 duobus
279 548 397 611 quatuor
411 548 567 612 temporum
581 539 728 596 lrondihua
742 547 836 594 carent
849 547 877 593 et
897 557 965 593 are-

153 615 366 685 scuntplantae‚
386 614 416 669 in
427 622 559 671 autumno
569 623 597 669 et
607 614 712 678 hieme,
731 614 762 668 in
770 613 880 669 duobus
890 631 962 669 vero

152 697 271 746 econtra
281 686 428 743 florescunt
438 696 465 743 et
478 686 585 744 fructus
599 688 704 753 lerunt,
724 689 754 743 in
769 705 854 745 verno
868 696 896 743 et
912 705 963 742 ae·

152 765 224 819 stivo
236 762 369 818 videlicet
382 770 469 826 statu,
491 762 591 817 horum
600 762 705 817 similia
716 771 743 817 et
752 762 962 833 proficientium

152 840 260 893 animae
270 838 417 893 sustinent.
437 837 507 893 Nam
517 837 628 891 reiectis
638 837 712 891 vitae
720 836 962 907 rationibus(cau-

152 912 200 985 sis)
210 911 268 967 lere
278 912 370 967 omnia
381 909 457 965 arida
469 911 690 983 comperiuntur,
707 911 847 966 demutata
855 926 961 981 nempe

151 984 353 1059 cupiditatibus
373 985 492 1056 aliisque
506 986 614 1040 cunctis
629 984 787 1052 aflectibu83
818 992 959 1056 posteam

151 1078 216 1117 vero
227 1060 406 1117 mutationem
417 1076 521 1114 novum
530 1076 644 1132 germen
656 1060 777 1130 pullulat
789 1058 961 1130 prudentiae

151 1146 177 1191 et
191 1152 274 1191 sanae
291 1136 404 1201 meutis;
437 1133 587 1206 aliquando
604 1142 696 1189 autem
709 1134 800 1205 gignit
811 1132 961 1204 producit-

149 1226 205 1281 qua
217 1206 354 1281 perlectos
365 1209 518 1281 sapientiae
532 1205 648 1263 fructus.
687 1207 766 1274 Quod
782 1215 873 1262 autem
886 1224 960 1263 oves

151 1293 233 1355 atqua
251 1282 355 1337 haedos
375 1282 453 1337 iubet
466 1284 638 1354 praeparari,
659 1282 723 1337 ideo
737 1281 866 1345 fortasse,
886 1281 960 1352 quia

150 1358 218 1413 haec
232 1357 362 1413 animalia
376 1357 465 1430 magis
480 1356 622 1430 Aegyptus
636 1357 666 1410 in
683 1357 858 1420 divinitatem
877 1364 960 1410 retu-

150 1434 230 1487 lerat:
260 1440 292 1485 ut
307 1431 476 1486 demonstret
495 1439 631 1502 protector
650 1432 760 1485 ruinam
781 1431 961 1485 adversario-

149 1523 225 1570 rum,
247 1522 367 1578 quanam
383 1502 419 1580 [Ἴ
436 1507 539 1561 virtute
554 1506 686 1562 destructi
699 1506 770 1570 sint,
792 1506 842 1578 qui
861 1521 960 1576 neque

149 1582 246 1654 patriis
256 1580 312 1636 diis
322 1581 427 1639 auxilio
438 1597 498 1636 esse
509 1579 667 1636 valuerunt.
699 1579 875 1637 Postmodum
887 1598 959 1636 vero

149 1654 267 1714 masculi
277 1655 306 1710 in
316 1654 492 1728 quotidianas
507 1654 612 1710 hostias
625 1663 819 1718 secernuntur,
840 1662 866 1709 at
879 1654 959 1710 hirci

149 1733 177 1785 in
189 1729 379 1785 remissionem
389 1736 575 1800 peccatorum.
615 1731 687 1784 Haec
696 1738 787 1787 autom
796 1731 876 1801 signa
887 1740 961 1789 sunt

149 1805 256 1858 animae
276 1802 364 1878 lionae
383 1801 581 1877 perfectionem
594 1803 628 1875 (s.
644 1803 737 1876 tinem)
753 1803 956 1859 desiderantis:

149 1895 261 1936 necesse
273 1877 347 1933 enim
358 1885 415 1932 erat
425 1877 503 1948 prius
513 1878 633 1935 evellere
640 1887 762 1949 peccata,
774 1877 875 1933 deinde
886 1893 959 1933 vero

149 1953 252 2009 ablutis
271 1953 311 2006 eis
332 1951 450 2008 candido
461 1959 546 2028 'mora
561 1951 694 2024 perlicere
707 1960 801 2024 atque
823 1967 959 2008 exercere

148 2027 324 2098 quotidianas
339 2025 499 2100 virtutes*).
541 2061 544 2065 -
603 2026 610 2045 '·

151 2202 199 2253 Gur
212 2201 333 2266 praecipit
350 2218 424 2265 usqua
441 2201 476 2250 ad
491 2209 601 2264 quartam
620 2200 733 2252 demam
756 2200 855 2263 (maia
871 2199 955 2261 dicar)

325 2284 465 2318 conservare
481 2267 641 2335 sacraficium?
662 2269 715 2334 (12,
732 2268 770 2331 6.)

204 2387 230 2438 9.
261 2382 421 2440 Secundum
436 2381 589 2437 Sabbatum
607 2381 642 2455 (a.
662 2382 769 2453 duplex
786 2380 954 2448 hebdomas,

147 2476 203 2530 quo
212 2459 274 2514 dies
285 2457 348 2513 XIV
358 2452 550 2528 coniiciuntur)
560 2456 643 2513 hahet
652 2451 743 2512 in'su'a
753 2466 849 2511 natura
862 2456 957 2512 hono-

147 2551 219 2596 rem,
244 2534 312 2604 quia
330 2533 392 2603 ipso
411 2531 476 2584 luna
496 2540 653 2587 exornatur.
697 2531 831 2598 Quoniam
850 2541 955 2601 quarta

140 2687 144 2692 ¹
170 2715 171 2718 ,
197 2672 668 2725 *laamaaaaaoauataaaaaaaaa
681 2650 790 2722 maa.
815 2672 898 2712 asoa
