2050 3100
31 164 164 234 [r,1as.]
258 170 328 216 nm.
346 168 396 215 ns
418 135 660 215 auruaniaus.
810 164 858 218 uu

106 274 158 324 66.
166 282 171 289 ·
180 270 265 325 Ροπο
274 285 328 325 non
339 270 432 323 minus
442 269 509 323 vitia
517 285 600 339 quam
610 269 726 325 virtutes
736 280 801 326 sunt
812 272 858 326 in-

36 346 129 401 dicia
144 353 263 399 naturae
276 344 427 399 rationalis.
464 343 585 398 Pronum
595 345 668 398 enim
678 344 748 401 mibi
758 354 800 401 est
809 345 859 401 de·

37 427 226 483 monstrare,
243 418 318 492 quod
327 419 494 490 perversitas
504 420 609 489 peccati
620 427 675 475 tam
686 419 856 485 bominibus,

39 512 142 567 quam
152 493 321 549 animalibus
332 494 413 547 inest.
451 493 521 547 Nam
533 493 614 547 avida
625 493 763 560 luxuries,
783 496 859 551 timi-

42 570 144 632 ditas,
168 568 272 622 iniuria
282 576 308 622 et
318 565 488 630 istiusmodi,
509 569 538 622 in
552 566 859 641 unalerespeciecom-

43 644 183 698 munitor
192 641 391 713 multiplicatae
402 650 466 696 sunt
474 657 563 711 usque
574 641 608 696 ad
619 643 768 713 insaniam3
795 661 859 714 pro-

45 718 145 773 bitate
156 726 249 772 autem
259 734 345 772 vacua
353 725 418 771 suut
428 732 509 785 saepe
521 716 678 772 animantia.
707 717 857 785 Quaedam,

47 792 183 863 exempli
194 792 295 864 gratia,
307 799 372 845 sunt
382 788 492 854 callida,
504 797 535 843 ut
545 790 605 861 lupi
616 800 642 846 at
651 792 760 865 vulpes.
789 795 859 849 Item

49 867 112 923 alia
123 866 281 929 luxuriosa,
292 873 324 920 ut
333 865 404 919 birci
414 872 440 918 et
451 862 582 927 columbi,
596 863 662 919 adeo
673 875 703 921 ut
712 867 747 922 ob
758 868 859 923 vitium

49 941 171 998 veneris
181 956 240 995 mas
250 938 336 994 soleat
344 957 396 994 ova
406 937 545 1011 frangere,
560 955 595 992 ne
605 937 706 993 lomina
715 958 798 1011 super
807 959 859 997 ova

52 1014 162 1071 sedans
175 1013 309 1086 impediat
322 1012 379 1069 sibi
393 1012 505 1069 coitum.
545 1011 688 1083 Cupiditas
703 1016 777 1068 enim
792 1014 859 1069 libi-

53 1090 160 1144 dinosa
173 1088 313 1160 praevalet
327 1089 411 1143 etiam
420 1088 448 1141 in
460 1086 627 1141 animalibus
637 1086 717 1144 modo
727 1087 856 1155 violento,

54 1166 98 1219 ita
109 1172 140 1219 nt
150 1180 204 1219 non
214 1163 251 1217 sit
260 1164 301 1217 eis
309 1164 377 1218 satis
386 1162 452 1217 lcrri
463 1160 497 1215 ad
510 1168 653 1233 cognatos,
669 1179 765 1216 verum
776 1164 858 1218 etiam

56 1238 97 1295 ad
112 1238 239 1292 inimicos
254 1246 364 1308 propter
382 1235 552 1292 aviditatem.
591 1236 660 1289 Nam
679 1236 859 1307 quemadmo-

57 1313 145 1377 dum,
164 1320 195 1367 ut
208 1321 333 1383 putatur,
354 1311 480 1367 homines
494 1327 544 1382 per
554 1309 711 1381 frequentes
721 1310 859 1382 multipli-

57 1404 163 1459 cesque
174 1387 251 1443 cibos
261 1395 289 1441 et
298 1385 394 1441 avidas
404 1386 502 1457 dapes,
524 1385 628 1456 quibus
641 1384 676 1441 dc
686 1402 759 1440 more
771 1384 858 1441 dediti

58 1470 141 1525 sunt,
161 1479 245 1517 novas
264 1459 412 1532 cupidines
431 1459 486 1514 sibi
502 1458 639 1523 iecerunt,
661 1468 687 1514 et
701 1462 858 1517 meretrices

60 1538 167 1596 alienas
187 1535 395 1594 adinvenientes
414 1534 521 1590 incitati
540 1544 604 1589 sunt
626 1534 735 1590 insolita
758 1553 858 1608 perpe·

59 1623 148 1675 trare,
169 1612 240 1667 sicut
254 1628 343 1667 sermo
358 1612 474 1666 habetur
488 1609 523 1664 dc
536 1609 669 1681 Pasiphaii
683 1611 781 1666 Minois
793 1612 858 1667 Cre-

60 1687 151 1743 tensis
164 1685 232 1750 lilia,
254 1702 325 1757 quaa
338 1684 423 1741 fertur
433 1685 574 1740 adamasse
584 1692 693 1740 taurum
702 1687 859 1757 peperisse-

63 1777 120 1833 que
133 1769 281 1815 monstrum
295 1761 491 1816 lliuotaurum:
522 1760 609 1814 simili
624 1759 704 1815 modo
718 1762 746 1814 in
768 1761 858 1823 homi-

63 1851 115 1891 nes
134 1836 262 1890 nonnulla
282 1834 462 1907 (animalium)
480 1851 619 1900 exarsere,
643 1836 715 1891 sicut
734 1844 857 1890 cantatus

63 1910 115 1966 ille
129 1911 196 1964 aries
210 1909 318 1966 Glauci.
357 1910 489 1981 Alioquin
501 1908 538 1984 [*]
550 1910 623 1964 uude
637 1910 720 1965 alieni
731 1912 857 1982 variique

64 1985 172 2058 generis
182 1991 301 2038 monstra
309 1992 464 2055 portentosa
474 1985 566 2039 evenit
576 1986 665 2049 nasei,
687 1986 742 2039 nisi
752 2001 787 2040 ex
796 1986 857 2040 dis-

66 2058 197 2114 similium
206 2075 292 2130 prava
301 2057 514 2114 commixtione?

122 2163 161 2216 67.
177 2163 207 2218 In
216 2161 320 2220 Achaia
329 2164 399 2235 ipsa,
410 2171 441 2218 ut
451 2162 553 2217 dicitur
562 2161 636 2233 apud
647 2163 783 2233 antiquos,
797 2162 857 2217 del-

67 2235 136 2310 phin
148 2237 225 2308 pueri
239 2237 400 2294 excellentis
415 2237 444 2291 in
456 2236 664 2308 pulchritudine
677 2235 770 2290 vultus
782 2235 857 2291 desi-

68 2311 143 2366 derio
153 2320 259 2383 captus,
274 2313 412 2371 multoties
423 2329 458 2366 ex
467 2328 513 2366 ora
524 2310 607 2364 maris
618 2311 692 2364 intus
703 2311 732 2364 in
741 2310 856 2383 pelagus

70 2385 203 2441 deferebat
221 2404 306 2459 super
324 2386 436 2442 dorsum
454 2383 591 2440 elevatum
611 2400 693 2454 supra
707 2381 809 2448 undas,
830 2391 857 2440 et

69 2460 201 2517 multoties
218 2478 255 2520 ex
264 2461 362 2534 pelago
377 2459 515 2532 usquead
530 2458 617 2529 ripam
631 2457 780 2512 seducebat
797 2459 857 2514 sine

70 2534 232 2592 discrimine.
269 2537 304 2590 Et
321 2545 386 2591 tunc
404 2535 516 2590 demum
535 2533 652 2588 cessavit
666 2550 681 2586 a
695 2531 783 2587 stadio
804 2532 856 2588 boc

71 2612 159 2680 longo,
172 2607 280 2680 quando
291 2619 317 2665 et
327 2628 342 2664 a
352 2611 422 2665 vita:
454 2616 559 2662 mortuo
569 2609 643 2662 enim
652 2625 737 2679 puero
748 2609 776 2660 in
786 2623 856 2677 pue-

70 2685 116 2741 rili
126 2691 218 2750 actata,
229 2684 343 2742 moleste
353 2684 383 2741 id
391 2683 482 2738 terens
492 2680 692 2806 delphinkcpm
703 2682 751 2738 illo
761 2691 787 2736 et
797 2683 856 2736 aui-
