2050 3100
55 192 148 256 [nass]
208 198 249 242 on
271 196 448 241 cnosson.
468 195 596 241 sunno
615 196 657 245 Ν.
798 191 832 243 77

53 298 103 350 tiam
119 314 181 352 vero
200 298 230 352 in
250 305 393 369 posterum
410 297 539 361 remittit,
563 306 705 368 praestans
724 298 832 352 mimae

53 372 217 440 probationem
234 372 398 439 firmiorem3
421 372 567 427 vultenim
575 374 673 427 maiori
683 374 833 443 procrasti-

52 447 138 501 natione
153 448 228 501 sitim
244 462 348 519 augere
362 454 389 502 et
403 445 574 500 desiderium
587 447 698 517 pietatis
714 447 833 501 immen-

52 537 97 573 sum
114 521 236 576 reddere.
279 524 401 592 Tempus
416 528 507 575 autem
523 538 576 575 non
591 529 633 575 est
647 519 730 592 spatii
744 522 832 576 soiius

51 610 142 659 nonen,
162 596 212 651 sed
229 613 297 650 cum
311 595 405 650 debita
420 595 556 650 solutione
573 611 678 650 rerum:
710 597 831 667 spatium

51 669 107 721 eoin
123 670 304 741 persolvendi
324 678 367 725 est
386 671 562 724 correctionis
581 679 703 741 tempus,
724 671 832 741 persol-

50 743 116 797 vendi
125 753 212 799 autem
223 762 338 800 omnem
348 743 552 799 rectitudinem.
581 744 754 799 Manifestam
765 744 832 799 hnic

49 814 185 873 facitfidem
199 821 264 885 iile,
291 820 343 891 qui
357 818 391 892 (s.
407 818 492 883 illud,
508 818 593 891 quod)
612 818 726 891 dixit*).
764 819 832 874 Pro-

48 892 123 959 prium
133 895 205 949 enim
213 913 247 949 ac
258 902 368 949 certum
378 901 420 948 est
428 910 478 964 per
489 892 612 948 divinam
622 894 753 947 virtutem
767 910 832 964 per-

48 965 105 1019 solvi
117 970 267 1041 quicquam
284 976 373 1033 recte,
394 968 468 1022 sicut
481 975 508 1021 et
517 984 566 1039 per
576 967 639 1022 illos
649 967 752 1039 quibus
763 967 832 1024 vetit

48 1040 185 1098 concedere.
225 1046 316 1100 Horas
331 1060 396 1116 ergo
410 1050 542 1097 memorat
557 1060 611 1097 non
621 1050 775 1113 temporum
786 1050 832 1099 aut

49 1114 237 1173 intervallorum
246 1118 418 1192 prolixitatis
428 1119 535 1188 potius,
556 1134 640 1189 quam
652 1115 758 1169 ordinis
768 1115 832 1170 har·
928 1125 936 1135 ’

47 1191 146 1246 noniae.
184 1196 256 1248 Nam
279 1194 345 1247 anni
361 1190 397 1265 [Ἴ
413 1192 550 1246 circulum
568 1190 740 1261 temporibus
758 1189 833 1242 ordi-

48 1279 100 1317 nare
118 1275 207 1339 aptum
228 1268 300 1323 init:
331 1267 405 1338 quod
424 1256 582 1339 symbolum
597 1263 663 1318 iacit
677 1264 785 1317 animae
799 1280 834 1316 ex

48 1336 192 1397 inordinatis
202 1342 332 1398 moribus
342 1343 371 1395 in
382 1341 507 1401 ordinem
518 1348 545 1395 et
555 1339 681 1393 debitum
689 1354 834 1392 ornamen-

48 1418 97 1465 tum
106 1418 237 1487 venienti;
273 1418 319 1471 cui
330 1414 478 1472 concedere
490 1417 541 1479 ait,
558 1414 583 1468 si
593 1413 779 1485 permansisse
789 1412 834 1466 vi-

50 1483 110 1541 derit
118 1490 144 1543 in
153 1492 248 1548 ordine
260 1500 290 1547 et
300 1492 450 1574 aequitate,
470 1490 676 1565 generationem
691 1487 832 1547 meliorem

50 1569 131 1620 natura
143 1567 229 1645 ipsius
243 1585 335 1642 perse
347 1567 446 1622 edocti.

72 1769 141 1828 Quare
157 1779 225 1829 dicit:
254 1777 313 1840 „Et
331 1777 412 1826 Sarra
430 1775 531 1837 audivit,
552 1774 662 1838 quoniam
680 1773 715 1821 od
730 1772 813 1821 eadum

197 1845 348 1926 tabernaculi
364 1854 416 1894 erat
429 1853 486 1908 post
503 1846 592 1892 eutn“t
610 1842 670 1905 (ib.)

102 1961 137 2014 i3.
156 1963 256 2020 Littera
267 1962 412 2018 manifesta
425 1962 535 2018 videtur
549 1977 621 2015 esse.
659 1957 702 2012 Ad
715 1964 835 2011 mentem

55 2047 107 2086 vero
121 2034 228 2095 sortasse
243 2039 285 2097 sie
300 2055 329 2092 se
343 2037 435 2092 habet.
464 2037 557 2092 Virtus
573 2052 589 2090 a
603 2033 748 2105 posteriori
757 2039 834 2102 parte

56 2111 98 2159 stat
109 2108 193 2177 illius,
213 2114 263 2187 qui
278 2113 409 2168 virtutem
419 2129 454 2166 ex
464 2120 559 2166 natura
573 2116 677 2171 servat,
698 2123 752 2160 non
763 2107 836 2159 sicut

56 2192 113 2244 uuor
126 2189 265 2244 servitium
280 2203 378 2260 egens,
400 2186 450 2241 sed
459 2188 532 2241 sicut
541 2183 680 2257 perfectus
690 2181 836 2251 dispensa-

58 2259 91 2336 tor
102 2265 126 2310 et
137 2251 221 2317 reeto'or
234 2263 351 2317 habenis
366 2262 395 2316 in
409 2278 522 2315 manum
539 2257 659 2329 sumptis
676 2255 747 2327 regit
766 2254 836 2308 diri-

57 2334 138 2398 &tque
146 2342 226 2391 totam
238 2337 358 2392 animam
368 2345 395 2391 et
404 2353 493 2391 mores
503 2336 587 2389 vitae.
628 2329 773 2400 Siquidem
787 2345 836 2414 an-

59 2403 154 2461 teriones
164 2427 216 2466 non
226 2412 322 2467 vident
331 2411 504 2482 posteriores,
516 2407 681 2481 posteriores
691 2412 782 2458 tamen
792 2420 837 2488 osr-

61 2472 115 2532 dent
123 2479 194 2539 iuxta
204 2503 232 2540 se
242 2494 355 2542 stantes.
392 2485 523 2556 Proprius
539 2480 837 2538 autemlocusestvrr-

62 2551 116 2605 tutis
129 2555 161 2610 ad
173 2562 271 2616 ostium
285 2568 370 2628 starc;
401 2561 502 2616 ostium
512 2575 579 2614 vero
589 2553 786 2626 cogitationum
796 2556 838 2602 est

65 2661 250 2690 *Q-

105 2723 123 2773 'i
140 2728 188 2778 Quia
200 2737 234 2774 rel
245 2736 283 2775 ubi
297 2735 405 2782 scriptura
416 2733 469 2772 naiso
482 2731 570 2774 dixerit,
589 2735 633 2765 non
644 2723 719 2768 new·
745 2717 826 2756 ΛΝΒ·
