2050 3100
154 143 203 198 2⁰4
282 144 379 191 rum.
397 142 471 188 tun.
491 138 651 197 Quanam
670 136 720 181 nr
740 136 818 181 son.
844 130 967 195 [nasa]
1021 96 1022 99 ¹

154 246 273 304 cessario
290 241 379 305 affert,
404 240 477 294 sieut
494 246 522 294 et
543 254 578 293 ex
591 236 717 309 opposito
730 234 875 290 discessus
891 233 967 305 (dei)
1021 236 1022 239 ’

154 320 337 395 privationem
358 314 438 371 verbi
460 312 499 385 (s.
523 310 665 383 rationis):
703 310 835 381 quoniam
863 308 965 365 maius

155 396 260 453 malum
270 393 377 448 animae
386 388 547 460 insipientia
558 395 584 441 et
593 384 732 441 dementia
741 399 796 438 non
810 390 868 447 est,
890 398 964 453 pro-

156 471 218 543 pria
226 468 283 523 sibi
292 472 385 522 mente
393 479 481 535 quum
490 462 609 523 caruerit
616 476 705 533 genus
714 457 858 514 rationale.

197 638 263 697 ΟΜ
277 648 313 690 eet
328 638 466 702 „Statuam
482 637 635 687 iuramentum
652 648 737 697 meum,
757 630 822 695 qued
836 630 923 681 iuravi

397 722 448 755 eum
460 714 533 768 patre
551 712 590 753 tate
598 704 631 750 “t
648 701 708 765 (ib.)
743 712 747 721 ·
1021 700 1022 737 ;

217 827 283 880 tto„
298 823 422 879 Primum
436 820 507 877 illud
522 817 685 883 dicendum,
709 815 784 889 quod
803 815 849 871 dei
869 814 961 871 verba

157 896 228 952 nihil
243 895 373 954 differunt
388 915 402 952 a
415 897 578 951 iuramento.
617 894 652 947 Et
666 892 695 947 in
710 908 793 963 quem
806 906 873 945 sane
883 890 961 944 iurat
1021 928 1022 949 a

157 972 240 1036 dens,
261 972 317 1027 nisi
331 967 522 1043 inseipsum‘l
544 964 895 1023 lunareautemdiciturob
907 980 959 1019 nn-
1021 958 1022 983 ¹

157 1054 242 1101 stram
251 1045 478 1110 imbecillitatem.
490 1044 597 1116 quippe·
605 1042 655 1113 qui
664 1048 792 1111 putamus
802 1040 875 1094 sieut
880 1037 958 1109 apud

159 1120 285 1185 hemines
304 1120 440 1193 distingui
458 1117 575 1175 verbum
593 1134 609 1171 a
627 1116 793 1179 iuramenta,
814 1112 857 1167 sie
871 1113 958 1167 etiam

158 1196 232 1266 apud
254 1195 337 1250 deum
355 1210 426 1249 esse.
463 1191 534 1259 Quia
546 1206 612 1246 vem
627 1188 695 1244 felix
709 1196 750 1244 est
764 1196 792 1243 et
804 1188 954 1259 propitius,
1021 1238 1022 1259 1

159 1286 214 1324 non
224 1269 378 1325 seeundum
388 1268 557 1322 maiestatem
567 1281 645 1319 suam
655 1262 815 1327 indicates,
831 1278 903 1333 quae
914 1260 957 1316 ia·
1021 1326 1022 1333 ἶ

157 1351 201 1397 eta
215 1352 293 1406 sunt,
314 1343 364 1397 sed
378 1343 456 1397 iuxta
469 1356 564 1395 eorum
577 1336 864 1410 (pusillanimitatem).
904 1336 956 1391 Se-

158 1415 509 1472 eundoautemvultlaude
519 1413 657 1469 celebrare
670 1411 772 1478 filium,
793 1411 955 1482 quasivero
1021 1398 1022 1449 l

160 1690 309 1747 dictionem
324 1699 351 1747 et
365 1692 608 1765 mmplaeationem
627 1693 800 1768 paratissime
819 1703 949 1766 praestat:

157 1766 196 1820 ita
209 1782 259 1837 per
273 1766 425 1832 absentiam
438 1767 660 1824 maledictionem
667 1803 679 1834 ,-
694 1771 760 1840 qnia
776 1770 881 1826 malum
895 1787 952 1824 ma-

158 1854 245 1909 gnum
255 1839 416 1911 insipientia
428 1841 601 1915 eloquentiae
611 1844 734 1900 inimica.

157 1997 161 2002 Δ
187 2005 253 2065 Quid
269 2020 304 2059 est
322 2010 663 2146 ''commmagoei‘tim
679 2033 753 2066 meum
772 2016 838 2079 pund
852 2015 928 2066 iuravi
1021 2055 1022 2086 ᾗ

208 2192 273 2276 βο.
294 2194 385 2251 Unum
394 2196 466 2252 illud
474 2198 586 2254 interim
598 2199 719 2266 dicetur,
740 2199 817 2272 quod
831 2199 877 2255 dei
890 2217 948 2256 ver·
1021 2183 1022 2192 ἵ

156 2265 192 2318 ba
205 2276 420 2354 iuramentornm
435 2270 554 2327 tortiora.
593 2274 644 2330 Vel
659 2276 688 2329 in
703 2290 786 2345 quem
806 2275 948 2331 iuravisset

156 2338 227 2426 deus
235 2343 291 2398 nasi
301 2343 331 2398 in
339 2343 388 2398 se‘l
409 2345 514 2401 Dicitur
523 2354 614 2402 tamen
624 2349 715 2403 iurare
728 2355 791 2419 post
803 2357 893 2406 nostra
906 2351 947 2404 in·
1021 2385 1022 2412 t

156 2412 294 2472 firmitate.
344 2419 541 2475 Existimamus
565 2422 639 2478 enim
661 2422 787 2493 iuraeula
809 2422 946 2479 hominum

156 2486 267 2571 lprtiora
276 2508 338 2547 esse
346 2493 503 2549 verborum.
541 2495 613 2550 Deus
627 2512 693 2551 vero
706 2495 805 2551 beatus
820 2505 849 2552 et
860 2499 946 2570 propi-

156 2569 226 2625 trus,
254 2583 309 2621 non
327 2566 480 2627 seeundum
497 2585 577 2624 suam
594 2569 815 2640 magnitudinem
837 2571 943 2637 iudicat.

156 2632 206 2686 sed
216 2635 351 2697 adversus
360 2641 469 2715 generis
479 2641 702 2715 possibilitatem.
740 2644 807 2702 Vult
816 2647 945 2704 sanelau·
