2050 3100
183 151 231 203 338
251 156 351 201 PHIL.
371 156 448 203 IUD.
470 155 628 216 QUAEST.
648 155 698 200 ET
719 155 796 200 SOL.
814 150 987 216 [11,tao.ttt.]

183 257 287 322 multus
302 257 342 310 eis
357 257 445 314 inerat
461 253 497 330 [Ἴ
515 257 629 330 sanguis
643 255 679 311 ob
693 258 834 329 vigentem
852 257 989 332 inventu-

182 342 251 398 tem,
273 333 408 406 sanguine
423 349 531 388 omnem
547 332 665 388 bostiam
680 331 878 391 immolandam
898 349 989 403 expe·

183 409 277 465 diebat
295 409 326 463 in
344 409 493 481 gratiarum
513 407 648 471 actionem
662 405 757 465 offerre
772 406 838 470 deo,
860 415 887 462 et
901 409 987 478 patri,

182 493 313 555 usurpata
333 483 476 542 iuventute
496 481 531 536 ad
551 482 716 559 cupiditates
736 483 765 536 in
784 483 916 554 pietatem
931 481 990 535 du·

183 567 289 621 centes,
311 575 365 628 non
383 559 489 614 veroin
504 556 635 612 ferociam
649 556 829 615 effraenarum
844 557 990 627 eupidita-

182 641 251 686 tum.
290 633 392 686 Littera
410 633 479 687 haee
497 634 628 691 eontinet.
667 632 709 690 Ad
724 641 844 698 mentem
857 649 925 686 vero
939 651 991 686 sa-

181 707 349 779 pientissimi
369 707 470 778 deique
490 709 671 762 amantissimi
691 709 782 762 anima
801 716 860 760 tum
879 707 987 761 seniles

183 781 300 836 rationes
310 780 491 852 praesefert,
503 790 563 836 tum
574 783 725 846 iuveniles,
736 799 832 838 omnes
842 799 909 836 sane
919 799 988 841 san-

183 866 253 911 etas:
282 856 385 911 seniles
399 858 534 912 tamenin
548 857 735 929 speculatione
748 865 893 912 versantur
903 866 987 910 natu-

183 949 242 994 rae,
264 939 398 987 eteorum
413 948 484 1003 quae
498 933 529 986 in
543 950 573 987 ea
589 941 666 999 sunt;
697 932 835 986 iuveniles
852 941 943 986 autem
955 933 986 985 in

183 1007 258 1062 virili
268 1009 447 1080 occupatione
455 1024 571 1078 operum
580 1008 818 1062 convenientium:
836 1008 873 1060 ita
884 1016 917 1060 ut
927 1005 987 1061 lere

183 1085 212 1138 in
224 1083 360 1138 columnis
371 1083 478 1154 sculpta
489 1083 572 1138 laude
582 1083 736 1137 celebretur
745 1082 803 1136 vita
814 1084 987 1153 optimorum

183 1162 212 1214 in
224 1177 255 1214 ea
266 1157 482 1232 repertorum*l,
493 1166 550 1212 tarn
559 1157 744 1230 speculativa,
756 1174 839 1228 quam
850 1159 986 1228 practica.

187 1301 267 1360 Quare
286 1302 328 1366 poi
343 1302 408 1354 missi
423 1309 477 1358 eant
494 1300 665 1363 adolescentes,
684 1299 824 1357 loloeoasta
841 1299 946 1362 offeratae
965 1310 988 1346 et

339 1370 447 1421 victimat
463 1368 585 1420 emnaoloat
601 1368 701 1418 vitulos?
719 1373 773 1431 (24,
789 1365 826 1430 5.)

238 1474 280 1533 32.
309 1472 389 1525 Vitult
403 1472 463 1525 inre
478 1468 627 1524 offeruntur
641 1470 735 1524 tenelli
748 1486 798 1541 per
812 1470 930 1524 iuvenes
945 1479 987 1524 te-

184 1543 280 1608 nellos,
294 1555 324 1603 ut
334 1545 424 1600 oblata
433 1543 987 1615 saorilioiaeoncordiametiamaetatis**l

183 1627 324 1674 servarent
339 1637 401 1674 eum
415 1620 602 1695 offerentibus.
642 1622 701 1677 Non
717 1631 807 1676 autem
817 1620 882 1693 agni
894 1636 989 1691 neque

185 1692 266 1747 haedi
279 1692 461 1767 (efferuntur),
482 1698 548 1767 quia
559 1697 610 1751 bae
620 1696 725 1751 bestiae
735 1696 822 1750 vitulo
832 1694 988 1751 debiliores

184 1776 260 1835 sunt3
293 1767 460 1823 sacrificium
476 1788 541 1826 vero
554 1790 589 1826 ex
599 1771 758 1827 fortioribus
768 1772 880 1827 videtur
890 1771 988 1844 (velle)

184 1843 282 1905 lacere.
322 1842 412 1909 Quare
431 1852 543 1916 atquae
557 1848 681 1903 immolat
695 1850 838 1912 iurantes,
861 1848 987 1917 primum

182 1935 248 1989 praa
263 1935 293 1975 se
307 1917 359 1977 lert
373 1920 511 1992 vigorem,
532 1921 648 1980 offerens
663 1924 693 1980 in
707 1922 841 1979 saerifioia
851 1922 988 1976 holocau-

183 1994 433 2063 stumetsalutare3
456 2013 510 2051 non
520 1994 586 2053 iero
595 1999 706 2054 tertiam
715 1996 786 2053 illud
795 2004 909 2067 propter
918 2012 988 2067 pee-

183 2077 287 2133 catum,
309 2071 471 2141 quasivero
489 2072 599 2129 nullum
614 2072 739 2128 admittat
752 2071 887 2127 delictum
907 2071 987 2127 loeus

183 2144 232 2201 ille
245 2152 356 2216 proptor
369 2146 513 2203 evidenter
529 2157 705 2219 apparentem
723 2146 921 2203 revelationem
935 2164 988 2217 pa—

184 2220 248 2285 tris,
268 2236 340 2291 quae
351 2220 427 2279 illiso
437 2223 493 2293 ipsi
504 2223 659 2294 opponebat
668 2239 729 2277 sesa
738 2221 772 2294 (s.
783 2223 830 2277 eui
840 2222 903 2278 illio
912 2221 986 2277 illud

183 2304 326 2365 peceatum
337 2314 391 2353 non
401 2306 507 2369 potarat
517 2297 778 2371 eeseopponare)†).
795 2294 833 2371 Ρ]
854 2296 987 2363 Ouando-

183 2371 297 2441 quidam
316 2373 373 2429 sole
392 2381 450 2429 orto
469 2373 628 2429 invisibiles
646 2372 800 2431 redduntur
813 2372 946 2427 tenebrae
961 2381 987 2427 ot

233 2513 882 2614 :tetttt’tttttts's:ttttttttt‘ffttat-ts‘t:
904 2564 984 2603 auca.

234 2611 252 2655 t)
266 2611 326 2649 Prior
337 2610 402 2648 laetle
415 2613 448 2650 est
456 2614 562 2651 assertive
569 2615 592 2653 ln
600 2615 651 2654 Has.
661 2615 708 2663 Bc,
722 2618 828 2665 pastea-lor
836 2616 939 2663 negativa
948 2616 985 2653 ba·

182 2655 245 2695 betur
253 2659 310 2717 apud
319 2659 460 2704 Glossarium,
474 2662 510 2709 qul
520 2664 585 2703 attam
594 2666 626 2703 ale
634 2669 781 2716 prosequitur:
795 2669 917 2716 pacatum,
931 2665 986 2714 Μ

183 2708 310 2745 contemnem
319 2712 349 2746 eat
357 2710 405 2753 deo.
420 2719 461 2750 oon
470 2715 517 2752 erat
525 2713 560 2752 ibt.
586 2713 667 2756 Auen.
