2050 3100
133 121 166 174 lt
360 125 545 174 curionis
564 125 702 192 rupuar
847 120 879 186 [1.
892 119 933 184 aa]

133 226 183 282 sed
196 243 269 297 quae
282 234 347 282 sunt
359 243 444 297 super
456 233 557 282 terram
571 224 662 282 solum
676 233 703 282 et
715 225 830 280 omnino
846 226 936 282 intue-

132 311 187 358 tur.

187 378 231 430 75.
255 375 458 442 Quumnavem
469 392 519 446 per
529 391 603 432 mara
611 382 768 432 currentem
780 374 816 430 ad
827 385 939 446 portum

133 451 276 522 appulisse
285 452 351 521 quis
362 450 478 515 viderit,
500 452 525 506 is
539 450 700 508 nauclerum
715 449 827 514 laudat,
849 467 940 522 quon-

125 529 189 592 iam
203 526 362 582 nullatenus
374 527 485 582 nescius
499 534 542 580 est
557 543 572 580 a
587 527 710 596 sapiente
724 525 870 582 navarcho
880 543 941 582 eam

132 601 313 675 gubernatam
325 599 425 656 luisse:
456 601 492 657 ite
506 609 538 656 ut
547 600 678 656 nauarchi
689 600 776 656 solius
786 599 941 671 perfectio-

131 694 195 732 nem
210 677 339 741 miretur,
363 693 417 732 non
429 677 533 746 operis.
572 676 681 732 Etenim
696 674 771 746 quod
786 683 830 732 est
846 676 943 734 inani-

131 760 250 816 matum,
266 769 322 808 non
331 752 429 822 recipit
439 750 557 824 gloriam
567 750 602 806 de
612 751 691 806 lactis
702 750 801 814 rebus.
824 751 880 808 sed
890 751 943 822 qui

130 843 181 899 per
191 828 337 899 ingenium
346 825 514 882 industrium
523 843 588 897 prae
601 845 631 882 se
645 826 739 882 tulerit
753 833 859 890 artem,
881 843 945 880 me·
1021 857 1022 862 κ

130 910 207 956 retur
224 902 334 956 laudem
355 903 420 956 navi
439 901 575 965 debitam,
598 919 629 956 eo
649 900 723 974 quod
738 900 803 955 utili
818 901 944 956 artificio

130 975 287 1031 moderatus
302 977 411 1030 clavum
426 975 510 1030 luerit
524 975 557 1030 ad
571 975 787 1047 procedendum.
828 975 863 1030 Si
874 993 943 1048 ergo

130 1052 179 1123 qui
191 1051 307 1105 classem
320 1053 420 1116 cernit,
442 1052 535 1105 statim
546 1053 670 1124 agnoscit
680 1067 740 1105 esse
750 1050 877 1121 aliquem
888 1069 945 1105 na—

129 1127 264 1181 varchum
282 1127 464 1198 principalem
485 1143 537 1180 nec
554 1128 661 1199 ignorat
675 1143 734 1180 esse
750 1133 775 1180 et
790 1126 944 1181 ministros

130 1201 205 1266 eius‘,
230 1219 280 1256 cur
293 1211 396 1272 quaeso
413 1201 618 1274 providentiam
637 1210 699 1256 ante
718 1217 814 1255 omnes
833 1201 945 1256 mundi

129 1285 221 1348 partes
236 1293 290 1332 non
305 1276 435 1341 fateatur,
456 1277 481 1330 si
496 1285 594 1332 cuncta
609 1277 743 1332 elementa
757 1276 793 1330 ab
807 1277 873 1347 ipsa
884 1293 945 1348 gu-

129 1351 301 1407 hernantur‘l

184 1441 227 1493 76.
249 1437 394 1510 Siquidem
404 1437 490 1504 nihil,
502 1439 578 1515 quod
588 1438 624 1493 sit
634 1429 808 1514 providentia
818 1441 944 1512 sapien-

129 1515 199 1578 tius,
220 1530 333 1585 possum
347 1512 482 1588 proferre,
504 1533 520 1569 a
535 1531 589 1586 qua
604 1522 701 1569 cuncta
719 1529 831 1587 corpora
853 1513 945 1570 ellor-

130 1596 202 1643 mata
217 1590 399 1643 necessariam
415 1589 638 1644 distributionem
653 1606 800 1660 suscepere
813 1589 946 1662 eiusque

129 1664 257 1737 potestati
276 1664 401 1719 subiecta
419 1664 453 1719 ab
468 1684 499 1720 ea
515 1680 623 1736 semper
637 1673 780 1737 reguntur.
820 1662 852 1718 Si
869 1666 945 1741 quis

129 1755 195 1792 vero
206 1739 275 1792 nolit
284 1738 429 1812 (obsequi),
441 1740 614 1813 providentia
626 1757 690 1794 suos
701 1740 769 1793 fines
780 1755 833 1798 non
839 1746 945 1795 trans-

128 1812 263 1887 greditur.
301 1814 417 1885 Insuper
436 1816 564 1887 exempla
583 1823 695 1869 naturae
714 1816 804 1887 primo
825 1814 946 1870 intuitu
1019 1838 1020 1846 ¹

128 1884 331 1961 providentiam
342 1906 402 1943 esse
412 1889 611 1959 demonstrant,
643 1890 744 1944 etenim
760 1906 853 1944 rerum
869 1907 945 1963 spe-

130 1963 187 2018 cies
198 1971 225 2017 et
235 1962 337 2019 formae
347 1966 414 2019 satis
429 1975 506 2030 sunt,
529 1974 559 2019 ut
570 1973 664 2019 notum
674 1963 775 2019 faciant
785 1963 942 2031 artificem,

130 2038 182 2105 etsi
197 2054 265 2093 voce
280 2039 410 2094 destituta
420 2056 532 2112 corpora
543 2039 667 2095 ordinata
678 2040 761 2094 silere
771 2039 940 2107 videantur,

129 2113 355 2187 quandoquidem
375 2125 467 2171 amant
483 2116 598 2173 formate
618 2114 653 2171 ab
673 2114 766 2187 aliquo
785 2116 941 2187 proprium

129 2196 267 2245 auctorem
280 2189 414 2245 confiteri.

184 2281 228 2334 77.
251 2279 287 2356 [*]
300 2280 335 2336 At
345 2280 563 2343 esthomosnlus
576 2281 647 2337 inter
661 2278 801 2344 homines,
822 2281 876 2351 qui
893 2282 941 2337 ie-

129 2355 180 2409 teri
195 2356 277 2419 uelit,
298 2356 358 2411 dari
377 2358 571 2412 universorum
589 2354 793 2428 providentiam
810 2352 941 2413 effectri-

129 2444 202 2491 cem,
221 2447 256 2484 er
265 2430 314 2485 illa
324 2432 455 2485 audacior
463 2430 598 2494 evadens,
614 2446 687 2501 quae
696 2430 752 2500 ipsi
762 2430 834 2485 inest
843 2429 940 2489 liber·

128 2508 170 2553 tas
190 2502 303 2558 arbitrio
321 2504 459 2575 praedita:
493 2504 560 2561 hinc
575 2504 649 2559 enim
664 2522 700 2559 ex
713 2522 779 2559 sana
794 2513 889 2563 mente
903 2509 938 2563 in

128 2572 259 2631 delirium
269 2579 354 2642 venit,
364 2580 480 2633 miratus
491 2577 734 2650 improvidentiam
743 2580 939 2649 potius-quem
1016 2602 1017 2661 l

127 2646 339 2711 providentiam.
387 2651 524 2716 Quoniam
546 2653 636 2707 reiicit
655 2653 705 2707 ille
723 2652 849 2709 fraenum
868 2657 938 2711 suis
