<?xml version="1.0" encoding="UTF-8"?>
<!DOCTYPE html PUBLIC "-//W3C//DTD XHTML 1.0 Transitional//EN"
    "http://www.w3.org/TR/xhtml1/DTD/xhtml1-transitional.dtd">
<html xmlns="http://www.w3.org/1999/xhtml" xml:lang="en" lang="en">
 <head>
  <title>
</title>
<meta http-equiv="Content-Type" content="text/html;charset=utf-8" />
  <meta name='ocr-system' content='tesseract 3.04.00' />
  <meta name='ocr-capabilities' content='ocr_page ocr_carea ocr_par ocr_line ocrx_word'/>
</head>
<body>
  <div class='ocr_page' id='page_1' title='image "./operaomniaadlib02philgoog/operaomniaadlib02philgoog_0084.png"; bbox 0 0 2050 3100; ppageno 0'>
   <div class='ocr_carea' id='block_1_1' title="bbox 68 205 839 279">
    <p class='ocr_par' dir='ltr' id='par_1_1' title="bbox 68 205 839 279">
     <span class='ocr_line' id='line_1_1' title="bbox 68 205 839 279; baseline 0.009 -19"><span class='ocrx_word' id='word_1_1' title='bbox 68 205 149 279; x_wconf 65' lang='lat' dir='ltr'>[nne]</span> <span class='ocrx_word' id='word_1_2' title='bbox 218 222 259 267; x_wconf 79' lang='grc' dir='ltr'>ΙΝ</span> <span class='ocrx_word' id='word_1_3' title='bbox 280 220 609 267; x_wconf 67' lang='lat' dir='ltr'>uenustusunuo</span> <span class='ocrx_word' id='word_1_4' title='bbox 627 220 671 267; x_wconf 80' lang='lat' dir='ltr'>w.</span> <span class='ocrx_word' id='word_1_5' title='bbox 807 217 839 267; x_wconf 77' lang='lat'>69</span> 
     </span>
    </p>
   </div>
   <div class='ocr_carea' id='block_1_2' title="bbox 61 318 839 619">
    <p class='ocr_par' dir='ltr' id='par_1_2' title="bbox 61 318 839 619">
     <span class='ocr_line' id='line_1_2' title="bbox 65 318 838 394; baseline 0 -19"><span class='ocrx_word' id='word_1_6' title='bbox 65 318 113 377; x_wconf 79' lang='lat' dir='ltr'>„nii</span> <span class='ocrx_word' id='word_1_7' title='bbox 122 326 206 374; x_wconf 89' lang='lat' dir='ltr'>tamen</span> <span class='ocrx_word' id='word_1_8' title='bbox 216 321 375 394; x_wconf 80' lang='lat' dir='ltr'>peregrinis</span> <span class='ocrx_word' id='word_1_9' title='bbox 386 320 492 375; x_wconf 86' lang='lat' dir='ltr'>similes</span> <span class='ocrx_word' id='word_1_10' title='bbox 506 320 571 377; x_wconf 84' lang='lat' dir='ltr'>iacti</span> <span class='ocrx_word' id='word_1_11' title='bbox 586 320 764 393; x_wconf 76' lang='lat' dir='ltr'>alienigenis,</span> <span class='ocrx_word' id='word_1_12' title='bbox 785 321 838 375; x_wconf 90' lang='lat' dir='ltr'>sub</span> 
     </span>
     <span class='ocr_line' id='line_1_3' title="bbox 63 394 839 469; baseline 0.008 -27"><span class='ocrx_word' id='word_1_13' title='bbox 63 394 117 445; x_wconf 88' lang='lat' dir='ltr'>omui</span> <span class='ocrx_word' id='word_1_14' title='bbox 133 396 222 465; x_wconf 86' lang='lat' dir='ltr'>specie</span> <span class='ocrx_word' id='word_1_15' title='bbox 241 396 423 451; x_wconf 73' lang='lat' dir='ltr'>ambulabant</span> <span class='ocrx_word' id='word_1_16' title='bbox 437 395 543 469; x_wconf 76' lang='lat' dir='ltr'>ignoti,</span> <span class='ocrx_word' id='word_1_17' title='bbox 564 394 733 467; x_wconf 88' lang='lat' dir='ltr'>multiplices</span> <span class='ocrx_word' id='word_1_18' title='bbox 748 394 839 450; x_wconf 88' lang='lat' dir='ltr'>homi-</span> 
     </span>
     <span class='ocr_line' id='line_1_4' title="bbox 62 467 839 542; baseline 0.009 -25"><span class='ocrx_word' id='word_1_19' title='bbox 62 480 109 519; x_wconf 85' lang='lat' dir='ltr'>rum</span> <span class='ocrx_word' id='word_1_20' title='bbox 117 467 242 535; x_wconf 88' lang='lat' dir='ltr'>iniurias,</span> <span class='ocrx_word' id='word_1_21' title='bbox 265 472 429 542; x_wconf 84' lang='lat' dir='ltr'>iniquitates</span> <span class='ocrx_word' id='word_1_22' title='bbox 440 487 472 525; x_wconf 88' lang='lat' dir='ltr'>ac</span> <span class='ocrx_word' id='word_1_23' title='bbox 481 470 600 542; x_wconf 90' lang='lat' dir='ltr'>optimas</span> <span class='ocrx_word' id='word_1_24' title='bbox 609 470 685 542; x_wconf 86' lang='lat' dir='ltr'>leges</span> <span class='ocrx_word' id='word_1_25' title='bbox 694 469 784 524; x_wconf 91' lang='lat' dir='ltr'>oculis</span> <span class='ocrx_word' id='word_1_26' title='bbox 794 471 839 524; x_wconf 93' lang='lat' dir='ltr'>vi-</span> 
     </span>
     <span class='ocr_line' id='line_1_5' title="bbox 61 537 337 619; baseline 0.04 -29"><span class='ocrx_word' id='word_1_27' title='bbox 61 537 337 619; x_wconf 74' lang='lat' dir='ltr'>dentespropriis*)·⁸‘</span> 
     </span>
    </p>
   </div>
   <div class='ocr_carea' id='block_1_3' title="bbox 76 692 816 838">
    <p class='ocr_par' dir='ltr' id='par_1_3' title="bbox 76 692 816 838">
     <span class='ocr_line' id='line_1_6' title="bbox 76 692 816 769; baseline 0.004 -18"><span class='ocrx_word' id='word_1_28' title='bbox 76 692 141 751; x_wconf 53' lang='grc' dir='ltr'>ΘΜ</span> <span class='ocrx_word' id='word_1_29' title='bbox 156 700 225 752; x_wconf 81' lang='lat' dir='ltr'>dicit:</span> <span class='ocrx_word' id='word_1_30' title='bbox 253 740 274 767; x_wconf 87' lang='lat'><em>„</em></span> <span class='ocrx_word' id='word_1_31' title='bbox 286 702 377 754; x_wconf 69' lang='lat' dir='ltr'>Vadam</span> <span class='ocrx_word' id='word_1_32' title='bbox 389 705 511 769; x_wconf 79' lang='lat' dir='ltr'>procurrit</span> <span class='ocrx_word' id='word_1_33' title='bbox 528 706 620 755; x_wconf 79' lang='lat' dir='ltr'>obviam</span> <span class='ocrx_word' id='word_1_34' title='bbox 636 704 696 766; x_wconf 74' lang='lat' dir='ltr'>illio,</span> <span class='ocrx_word' id='word_1_35' title='bbox 718 713 742 755; x_wconf 82' lang='lat' dir='ltr'>ct</span> <span class='ocrx_word' id='word_1_36' title='bbox 759 704 816 754; x_wconf 87' lang='lat' dir='ltr'>odo·</span> 
     </span>
     <span class='ocr_line' id='line_1_7' title="bbox 242 772 628 838; baseline 0.008 -18"><span class='ocrx_word' id='word_1_37' title='bbox 242 772 310 821; x_wconf 84' lang='lat' dir='ltr'>ravit</span> <span class='ocrx_word' id='word_1_38' title='bbox 325 773 352 821; x_wconf 82' lang='lat' dir='ltr'>ia</span> <span class='ocrx_word' id='word_1_39' title='bbox 369 776 495 821; x_wconf 82' lang='lat' dir='ltr'>terrortr“t</span> <span class='ocrx_word' id='word_1_40' title='bbox 517 777 571 838; x_wconf 84' lang='grc'><strong>(18,</strong></span> <span class='ocrx_word' id='word_1_41' title='bbox 590 774 628 838; x_wconf 75' lang='lat'>2.)</span> 
     </span>
    </p>
   </div>
   <div class='ocr_carea' id='block_1_4' title="bbox 57 869 841 1763">
    <p class='ocr_par' dir='ltr' id='par_1_4' title="bbox 57 869 841 1763">
     <span class='ocr_line' id='line_1_8' title="bbox 67 869 839 947; baseline 0.008 -26"><span class='ocrx_word' id='word_1_42' title='bbox 67 936 71 947; x_wconf 31' lang='lat'><strong>¹</strong></span> <span class='ocrx_word' id='word_1_43' title='bbox 99 869 121 921; x_wconf 81' lang='grc'>3.</span> <span class='ocrx_word' id='word_1_44' title='bbox 146 869 212 937; x_wconf 88' lang='lat' dir='ltr'>Eos,</span> <span class='ocrx_word' id='word_1_45' title='bbox 235 875 288 945; x_wconf 92' lang='lat' dir='ltr'>qui</span> <span class='ocrx_word' id='word_1_46' title='bbox 305 874 460 928; x_wconf 89' lang='lat' dir='ltr'>inconsulto</span> <span class='ocrx_word' id='word_1_47' title='bbox 475 874 536 928; x_wconf 88' lang='lat' dir='ltr'>sine</span> <span class='ocrx_word' id='word_1_48' title='bbox 550 876 662 946; x_wconf 88' lang='lat' dir='ltr'>praevia</span> <span class='ocrx_word' id='word_1_49' title='bbox 680 874 839 929; x_wconf 87' lang='lat' dir='ltr'>considera-</span> 
     </span>
     <span class='ocr_line' id='line_1_9' title="bbox 58 944 839 1022; baseline 0.018 -32"><span class='ocrx_word' id='word_1_50' title='bbox 58 944 115 994; x_wconf 87' lang='lat' dir='ltr'>tune</span> <span class='ocrx_word' id='word_1_51' title='bbox 124 944 284 1021; x_wconf 82' lang='lat' dir='ltr'>visioneque</span> <span class='ocrx_word' id='word_1_52' title='bbox 295 949 432 1020; x_wconf 90' lang='lat' dir='ltr'>impetum</span> <span class='ocrx_word' id='word_1_53' title='bbox 442 947 547 1004; x_wconf 83' lang='lat' dir='ltr'>faciunt</span> <span class='ocrx_word' id='word_1_54' title='bbox 555 966 681 1022; x_wconf 91' lang='lat' dir='ltr'>quoquo,</span> <span class='ocrx_word' id='word_1_55' title='bbox 691 958 784 1004; x_wconf 88' lang='lat' dir='ltr'>monet</span> <span class='ocrx_word' id='word_1_56' title='bbox 793 949 839 1004; x_wconf 89' lang='lat' dir='ltr'>in-</span> 
     </span>
     <span class='ocr_line' id='line_1_10' title="bbox 57 1018 838 1098; baseline -0.006 -15"><span class='ocrx_word' id='word_1_57' title='bbox 57 1018 157 1082; x_wconf 71' lang='lat' dir='ltr'>struens,</span> <span class='ocrx_word' id='word_1_58' title='bbox 178 1038 233 1077; x_wconf 88' lang='lat' dir='ltr'>non</span> <span class='ocrx_word' id='word_1_59' title='bbox 246 1020 284 1098; x_wconf 70' lang='grc' dir='ltr'>[Ἴ</span> <span class='ocrx_word' id='word_1_60' title='bbox 299 1032 378 1079; x_wconf 87' lang='lat' dir='ltr'>antea</span> <span class='ocrx_word' id='word_1_61' title='bbox 388 1023 585 1079; x_wconf 88' lang='lat' dir='ltr'>incurrendum</span> <span class='ocrx_word' id='word_1_62' title='bbox 596 1042 656 1079; x_wconf 91' lang='lat' dir='ltr'>esse</span> <span class='ocrx_word' id='word_1_63' title='bbox 667 1026 745 1095; x_wconf 90' lang='lat' dir='ltr'>prius</span> <span class='ocrx_word' id='word_1_64' title='bbox 755 1041 838 1096; x_wconf 91' lang='lat' dir='ltr'>quam</span> 
     </span>
     <span class='ocr_line' id='line_1_11' title="bbox 59 1092 839 1171; baseline 0.006 -24"><span class='ocrx_word' id='word_1_65' title='bbox 59 1096 114 1171; x_wconf 58' lang='lat' dir='ltr'>etde</span> <span class='ocrx_word' id='word_1_66' title='bbox 123 1092 237 1152; x_wconf 84' lang='lat' dir='ltr'>viderint</span> <span class='ocrx_word' id='word_1_67' title='bbox 253 1115 286 1153; x_wconf 87' lang='lat' dir='ltr'>ac</span> <span class='ocrx_word' id='word_1_68' title='bbox 302 1100 428 1169; x_wconf 87' lang='lat' dir='ltr'>persuasi</span> <span class='ocrx_word' id='word_1_69' title='bbox 444 1097 556 1154; x_wconf 84' lang='lat' dir='ltr'>fuerint.</span> <span class='ocrx_word' id='word_1_70' title='bbox 596 1098 778 1165; x_wconf 87' lang='lat' dir='ltr'>Quamobrem</span> <span class='ocrx_word' id='word_1_71' title='bbox 793 1098 839 1152; x_wconf 92' lang='lat' dir='ltr'>di-</span> 
     </span>
     <span class='ocr_line' id='line_1_12' title="bbox 58 1166 840 1246; baseline 0.015 -33"><span class='ocrx_word' id='word_1_72' title='bbox 58 1170 100 1215; x_wconf 85' lang='lat' dir='ltr'>ut:</span> <span class='ocrx_word' id='word_1_73' title='bbox 120 1166 197 1231; x_wconf 80' lang='lat' dir='ltr'>Quum</span> <span class='ocrx_word' id='word_1_74' title='bbox 209 1178 332 1238; x_wconf 81' lang='lat' dir='ltr'>vidisset,</span> <span class='ocrx_word' id='word_1_75' title='bbox 349 1180 477 1238; x_wconf 82' lang='lat' dir='ltr'>cucurrit,</span> <span class='ocrx_word' id='word_1_76' title='bbox 498 1181 594 1246; x_wconf 86' lang='lat' dir='ltr'>utpote</span> <span class='ocrx_word' id='word_1_77' title='bbox 604 1171 784 1243; x_wconf 88' lang='lat' dir='ltr'>praecedente</span> <span class='ocrx_word' id='word_1_78' title='bbox 794 1173 840 1226; x_wconf 84' lang='lat' dir='ltr'>vi-</span> 
     </span>
     <span class='ocr_line' id='line_1_13' title="bbox 57 1246 841 1320; baseline 0.006 -26"><span class='ocrx_word' id='word_1_79' title='bbox 57 1250 94 1288; x_wconf 74' lang='lat' dir='ltr'>sus</span> <span class='ocrx_word' id='word_1_80' title='bbox 106 1246 275 1316; x_wconf 84' lang='lat' dir='ltr'>perceptione</span> <span class='ocrx_word' id='word_1_81' title='bbox 292 1257 475 1320; x_wconf 82' lang='lat' dir='ltr'>consequatur</span> <span class='ocrx_word' id='word_1_82' title='bbox 488 1265 560 1319; x_wconf 85' lang='lat' dir='ltr'>opus</span> <span class='ocrx_word' id='word_1_83' title='bbox 574 1246 790 1317; x_wconf 77' lang='lat' dir='ltr'>invituperabiles</span> <span class='ocrx_word' id='word_1_84' title='bbox 809 1264 841 1299; x_wconf 92' lang='lat' dir='ltr'>ao</span> 
     </span>
     <span class='ocr_line' id='line_1_14' title="bbox 58 1320 840 1394; baseline 0.014 -31"><span class='ocrx_word' id='word_1_85' title='bbox 58 1320 156 1394; x_wconf 77' lang='lat' dir='ltr'>gratum.</span> <span class='ocrx_word' id='word_1_86' title='bbox 187 1320 269 1379; x_wconf 86' lang='lat' dir='ltr'>Porro</span> <span class='ocrx_word' id='word_1_87' title='bbox 281 1325 385 1394; x_wconf 89' lang='lat' dir='ltr'>optime</span> <span class='ocrx_word' id='word_1_88' title='bbox 396 1324 511 1378; x_wconf 89' lang='lat' dir='ltr'>dicitur:</span> <span class='ocrx_word' id='word_1_89' title='bbox 532 1324 671 1390; x_wconf 82' lang='lat' dir='ltr'>Postquam</span> <span class='ocrx_word' id='word_1_90' title='bbox 682 1325 792 1383; x_wconf 70' lang='lat' dir='ltr'>noant,</span> <span class='ocrx_word' id='word_1_91' title='bbox 804 1322 840 1374; x_wconf 91' lang='lat' dir='ltr'>il-</span> 
     </span>
     <span class='ocr_line' id='line_1_15' title="bbox 60 1381 837 1471; baseline 0.015 -34"><span class='ocrx_word' id='word_1_92' title='bbox 60 1381 104 1439; x_wconf 84' lang='lat' dir='ltr'>lrco</span> <span class='ocrx_word' id='word_1_93' title='bbox 116 1402 222 1451; x_wconf 81' lang='lat' dir='ltr'>cucurrit</span> <span class='ocrx_word' id='word_1_94' title='bbox 232 1404 261 1453; x_wconf 83' lang='lat' dir='ltr'>tn</span> <span class='ocrx_word' id='word_1_95' title='bbox 272 1416 423 1466; x_wconf 59' lang='lat' dir='ltr'>occursum</span> <span class='ocrx_word' id='word_1_96' title='bbox 450 1400 499 1471; x_wconf 89' lang='lat' dir='ltr'>qui</span> <span class='ocrx_word' id='word_1_97' title='bbox 511 1398 587 1451; x_wconf 90' lang='lat' dir='ltr'>enim</span> <span class='ocrx_word' id='word_1_98' title='bbox 597 1395 716 1450; x_wconf 87' lang='lat' dir='ltr'>necdum</span> <span class='ocrx_word' id='word_1_99' title='bbox 726 1395 837 1459; x_wconf 84' lang='lat' dir='ltr'>viderit,</span> 
     </span>
     <span class='ocr_line' id='line_1_16' title="bbox 60 1470 839 1545; baseline 0.022 -37"><span class='ocrx_word' id='word_1_100' title='bbox 60 1472 112 1514; x_wconf 88' lang='lat' dir='ltr'>eum</span> <span class='ocrx_word' id='word_1_101' title='bbox 120 1473 247 1538; x_wconf 83' lang='lat' dir='ltr'>cunctari,</span> <span class='ocrx_word' id='word_1_102' title='bbox 269 1474 322 1545; x_wconf 89' lang='lat' dir='ltr'>qui</span> <span class='ocrx_word' id='word_1_103' title='bbox 337 1491 399 1528; x_wconf 85' lang='lat' dir='ltr'>vero</span> <span class='ocrx_word' id='word_1_104' title='bbox 409 1474 465 1527; x_wconf 92' lang='lat' dir='ltr'>iam</span> <span class='ocrx_word' id='word_1_105' title='bbox 475 1470 579 1528; x_wconf 91' lang='lat' dir='ltr'>viderit</span> <span class='ocrx_word' id='word_1_106' title='bbox 589 1471 738 1545; x_wconf 83' lang='lat' dir='ltr'>condigna,</span> <span class='ocrx_word' id='word_1_107' title='bbox 760 1470 839 1525; x_wconf 85' lang='lat' dir='ltr'>festi-</span> 
     </span>
     <span class='ocr_line' id='line_1_17' title="bbox 62 1547 839 1620; baseline 0.009 -25"><span class='ocrx_word' id='word_1_108' title='bbox 62 1547 113 1590; x_wconf 80' lang='lat' dir='ltr'>nare</span> <span class='ocrx_word' id='word_1_109' title='bbox 126 1557 273 1605; x_wconf 87' lang='lat' dir='ltr'>accurrere</span> <span class='ocrx_word' id='word_1_110' title='bbox 289 1566 408 1620; x_wconf 91' lang='lat' dir='ltr'>aequum</span> <span class='ocrx_word' id='word_1_111' title='bbox 423 1556 473 1603; x_wconf 91' lang='lat' dir='ltr'>est.</span> <span class='ocrx_word' id='word_1_112' title='bbox 514 1547 658 1604; x_wconf 89' lang='lat' dir='ltr'>Caeterum</span> <span class='ocrx_word' id='word_1_113' title='bbox 672 1548 755 1603; x_wconf 89' lang='lat' dir='ltr'>nimis</span> <span class='ocrx_word' id='word_1_114' title='bbox 771 1547 839 1602; x_wconf 90' lang='lat' dir='ltr'>dili-</span> 
     </span>
     <span class='ocr_line' id='line_1_18' title="bbox 61 1619 836 1697; baseline 0.017 -33"><span class='ocrx_word' id='word_1_115' title='bbox 61 1619 139 1692; x_wconf 76' lang='lat' dir='ltr'>gcnter</span> <span class='ocrx_word' id='word_1_116' title='bbox 147 1619 330 1681; x_wconf 88' lang='lat' dir='ltr'>adorationem</span> <span class='ocrx_word' id='word_1_117' title='bbox 345 1630 373 1678; x_wconf 84' lang='lat' dir='ltr'>in</span> <span class='ocrx_word' id='word_1_118' title='bbox 388 1633 484 1679; x_wconf 83' lang='lat' dir='ltr'>terram</span> <span class='ocrx_word' id='word_1_119' title='bbox 499 1625 538 1678; x_wconf 88' lang='lat' dir='ltr'>ait</span> <span class='ocrx_word' id='word_1_120' title='bbox 552 1626 655 1697; x_wconf 83' lang='lat' dir='ltr'>egisse3</span> <span class='ocrx_word' id='word_1_121' title='bbox 681 1641 736 1678; x_wconf 91' lang='lat' dir='ltr'>non</span> <span class='ocrx_word' id='word_1_122' title='bbox 751 1625 836 1686; x_wconf 89' lang='lat' dir='ltr'>enim,</span> 
     </span>
     <span class='ocr_line' id='line_1_19' title="bbox 63 1684 836 1763; baseline 0.012 -22"><span class='ocrx_word' id='word_1_123' title='bbox 63 1698 82 1734; x_wconf 74' lang='lat'>⁸1</span> <span class='ocrx_word' id='word_1_124' title='bbox 94 1684 151 1744; x_wconf 85' lang='lat' dir='ltr'>torte</span> <span class='ocrx_word' id='word_1_125' title='bbox 163 1693 288 1754; x_wconf 87' lang='lat' dir='ltr'>homines</span> <span class='ocrx_word' id='word_1_126' title='bbox 302 1699 420 1754; x_wconf 83' lang='lat' dir='ltr'>tuissent</span> <span class='ocrx_word' id='word_1_127' title='bbox 435 1698 577 1763; x_wconf 86' lang='lat' dir='ltr'>mortales,</span> <span class='ocrx_word' id='word_1_128' title='bbox 599 1698 710 1754; x_wconf 90' lang='lat' dir='ltr'>adorare</span> <span class='ocrx_word' id='word_1_129' title='bbox 725 1698 836 1760; x_wconf 88' lang='lat' dir='ltr'>licebat,</span> 
     </span>
    </p>
   </div>
   <div class='ocr_carea' id='block_1_5' title="bbox 63 1759 837 1906">
    <p class='ocr_par' dir='ltr' id='par_1_5' title="bbox 63 1759 837 1906">
     <span class='ocr_line' id='line_1_20' title="bbox 63 1759 837 1847; baseline 0.021 -39"><span class='ocrx_word' id='word_1_130' title='bbox 63 1759 103 1812; x_wconf 86' lang='lat' dir='ltr'>scd</span> <span class='ocrx_word' id='word_1_131' title='bbox 121 1781 177 1823; x_wconf 88' lang='lat' dir='ltr'>eum</span> <span class='ocrx_word' id='word_1_132' title='bbox 198 1776 248 1844; x_wconf 90' lang='lat' dir='ltr'>qui</span> <span class='ocrx_word' id='word_1_133' title='bbox 273 1792 356 1847; x_wconf 89' lang='lat' dir='ltr'>super</span> <span class='ocrx_word' id='word_1_134' title='bbox 376 1774 489 1844; x_wconf 85' lang='lat' dir='ltr'>caelum</span> <span class='ocrx_word' id='word_1_135' title='bbox 502 1782 531 1830; x_wconf 90' lang='lat' dir='ltr'>et</span> <span class='ocrx_word' id='word_1_136' title='bbox 549 1781 649 1830; x_wconf 87' lang='lat' dir='ltr'>terram</span> <span class='ocrx_word' id='word_1_137' title='bbox 668 1783 695 1828; x_wconf 91' lang='lat' dir='ltr'>et</span> <span class='ocrx_word' id='word_1_138' title='bbox 714 1772 837 1827; x_wconf 90' lang='lat' dir='ltr'>universi</span> 
     </span>
     <span class='ocr_line' id='line_1_21' title="bbox 63 1837 287 1906; baseline 0.058 -17"><span class='ocrx_word' id='word_1_139' title='bbox 63 1837 143 1893; x_wconf 83' lang='lat' dir='ltr'>mundi</span> <span class='ocrx_word' id='word_1_140' title='bbox 155 1843 219 1902; x_wconf 89' lang='lat' dir='ltr'>deus</span> <span class='ocrx_word' id='word_1_141' title='bbox 234 1857 287 1906; x_wconf 88' lang='lat' dir='ltr'>est.</span> 
     </span>
    </p>
   </div>
   <div class='ocr_carea' id='block_1_6' title="bbox 93 1984 804 2131">
    <p class='ocr_par' dir='ltr' id='par_1_6' title="bbox 93 1984 804 2131">
     <span class='ocr_line' id='line_1_22' title="bbox 93 1984 804 2065; baseline -0.001 -17"><span class='ocrx_word' id='word_1_142' title='bbox 93 1984 161 2048; x_wconf 60' lang='lat' dir='ltr'>(Quill</span> <span class='ocrx_word' id='word_1_143' title='bbox 175 2001 221 2063; x_wconf 81' lang='lat' dir='ltr'>est)</span> <span class='ocrx_word' id='word_1_144' title='bbox 238 1999 378 2065; x_wconf 84' lang='lat' dir='ltr'>,‚Dominc,</span> <span class='ocrx_word' id='word_1_145' title='bbox 396 2000 419 2049; x_wconf 81' lang='lat' dir='ltr'>si</span> <span class='ocrx_word' id='word_1_146' title='bbox 435 2000 515 2050; x_wconf 79' lang='lat' dir='ltr'>inveni</span> <span class='ocrx_word' id='word_1_147' title='bbox 528 2002 632 2065; x_wconf 78' lang='lat' dir='ltr'>pretium</span> <span class='ocrx_word' id='word_1_148' title='bbox 650 2012 704 2049; x_wconf 80' lang='lat' dir='ltr'>onte</span> <span class='ocrx_word' id='word_1_149' title='bbox 722 2011 757 2063; x_wconf 85' lang='lat' dir='ltr'>te,</span> <span class='ocrx_word' id='word_1_150' title='bbox 776 2017 804 2048; x_wconf 84' lang='lat' dir='ltr'>ac</span> 
     </span>
     <span class='ocr_line' id='line_1_23' title="bbox 190 2070 686 2131; baseline -0.002 -13"><span class='ocrx_word' id='word_1_151' title='bbox 190 2078 330 2129; x_wconf 74' lang='lat' dir='ltr'>praetereas</span> <span class='ocrx_word' id='word_1_152' title='bbox 345 2084 436 2118; x_wconf 63' lang='lat' dir='ltr'>sorum</span> <span class='ocrx_word' id='word_1_153' title='bbox 454 2071 557 2117; x_wconf 84' lang='lat' dir='ltr'>tuum“t</span> <span class='ocrx_word' id='word_1_154' title='bbox 577 2072 630 2131; x_wconf 82' lang='lat' dir='ltr'>(ts,</span> <span class='ocrx_word' id='word_1_155' title='bbox 649 2070 686 2126; x_wconf 82' lang='lat'>3.)</span> 
     </span>
    </p>
   </div>
   <div class='ocr_carea' id='block_1_7' title="bbox 69 2157 840 2526">
    <p class='ocr_par' dir='ltr' id='par_1_7' title="bbox 69 2157 840 2526">
     <span class='ocr_line' id='line_1_24' title="bbox 111 2157 839 2242; baseline -0.005 -16"><span class='ocrx_word' id='word_1_156' title='bbox 111 2157 132 2210; x_wconf 71' lang='lat' dir='ltr'>l·</span> <span class='ocrx_word' id='word_1_157' title='bbox 157 2163 231 2224; x_wconf 88' lang='lat' dir='ltr'>Nunc</span> <span class='ocrx_word' id='word_1_158' title='bbox 251 2171 341 2242; x_wconf 88' lang='lat' dir='ltr'>magis</span> <span class='ocrx_word' id='word_1_159' title='bbox 360 2169 456 2225; x_wconf 85' lang='lat' dir='ltr'>liberis</span> <span class='ocrx_word' id='word_1_160' title='bbox 476 2169 565 2224; x_wconf 91' lang='lat' dir='ltr'>oculis</span> <span class='ocrx_word' id='word_1_161' title='bbox 586 2177 613 2224; x_wconf 89' lang='lat' dir='ltr'>et</span> <span class='ocrx_word' id='word_1_162' title='bbox 625 2169 760 2224; x_wconf 88' lang='lat' dir='ltr'>lucidiore</span> <span class='ocrx_word' id='word_1_163' title='bbox 775 2169 839 2223; x_wconf 88' lang='lat' dir='ltr'>visu</span> 
     </span>
     <span class='ocr_line' id='line_1_25' title="bbox 69 2237 838 2316; baseline 0.008 -27"><span class='ocrx_word' id='word_1_164' title='bbox 69 2237 140 2287; x_wconf 75' lang='lat' dir='ltr'>tortus</span> <span class='ocrx_word' id='word_1_165' title='bbox 149 2240 269 2301; x_wconf 86' lang='lat' dir='ltr'>redditur</span> <span class='ocrx_word' id='word_1_166' title='bbox 279 2245 435 2301; x_wconf 89' lang='lat' dir='ltr'>intellectus</span> <span class='ocrx_word' id='word_1_167' title='bbox 446 2242 481 2298; x_wconf 90' lang='lat' dir='ltr'>de</span> <span class='ocrx_word' id='word_1_168' title='bbox 491 2244 608 2308; x_wconf 88' lang='lat' dir='ltr'>visione,</span> <span class='ocrx_word' id='word_1_169' title='bbox 621 2261 675 2298; x_wconf 92' lang='lat' dir='ltr'>non</span> <span class='ocrx_word' id='word_1_170' title='bbox 685 2260 838 2316; x_wconf 78' lang='lat' dir='ltr'>pervagans</span> 
     </span>
     <span class='ocr_line' id='line_1_26' title="bbox 70 2300 839 2392; baseline -0.005 -18"><span class='ocrx_word' id='word_1_171' title='bbox 70 2300 104 2354; x_wconf 49' lang='grc' dir='ltr'>νε]</span> <span class='ocrx_word' id='word_1_172' title='bbox 117 2307 231 2392; x_wconf 60' lang='grc' dir='ltr'>ἒῦθπεηε</span> <span class='ocrx_word' id='word_1_173' title='bbox 246 2337 360 2376; x_wconf 90' lang='lat' dir='ltr'>numero</span> <span class='ocrx_word' id='word_1_174' title='bbox 373 2321 444 2376; x_wconf 89' lang='lat' dir='ltr'>trino</span> <span class='ocrx_word' id='word_1_175' title='bbox 455 2326 480 2372; x_wconf 88' lang='lat' dir='ltr'>et</span> <span class='ocrx_word' id='word_1_176' title='bbox 490 2319 642 2388; x_wconf 90' lang='lat' dir='ltr'>quantitate</span> <span class='ocrx_word' id='word_1_177' title='bbox 651 2318 839 2374; x_wconf 87' lang='lat' dir='ltr'>multitudinis</span> 
     </span>
     <span class='ocr_line' id='line_1_27' title="bbox 71 2384 839 2463; baseline 0.017 -32"><span class='ocrx_word' id='word_1_178' title='bbox 71 2385 95 2425; x_wconf 69' lang='lat'>00</span> <span class='ocrx_word' id='word_1_179' title='bbox 103 2384 219 2447; x_wconf 87' lang='lat' dir='ltr'>ualenter</span> <span class='ocrx_word' id='word_1_180' title='bbox 230 2403 372 2460; x_wconf 89' lang='lat' dir='ltr'>attractus,</span> <span class='ocrx_word' id='word_1_181' title='bbox 388 2394 438 2449; x_wconf 91' lang='lat' dir='ltr'>sed</span> <span class='ocrx_word' id='word_1_182' title='bbox 449 2411 562 2448; x_wconf 87' lang='lat' dir='ltr'>currens</span> <span class='ocrx_word' id='word_1_183' title='bbox 572 2393 607 2449; x_wconf 90' lang='lat' dir='ltr'>ad</span> <span class='ocrx_word' id='word_1_184' title='bbox 617 2411 717 2457; x_wconf 89' lang='lat' dir='ltr'>unum,</span> <span class='ocrx_word' id='word_1_185' title='bbox 734 2393 839 2463; x_wconf 89' lang='lat' dir='ltr'>quique</span> 
     </span>
     <span class='ocr_line' id='line_1_28' title="bbox 72 2459 840 2526; baseline -0.012 0"><span class='ocrx_word' id='word_1_186' title='bbox 72 2459 177 2519; x_wconf 63' lang='lat' dir='ltr'>illimem</span> <span class='ocrx_word' id='word_1_187' title='bbox 190 2484 218 2522; x_wconf 88' lang='lat' dir='ltr'>se</span> <span class='ocrx_word' id='word_1_188' title='bbox 231 2468 297 2526; x_wconf 84' lang='lat' dir='ltr'>lecit</span> <span class='ocrx_word' id='word_1_189' title='bbox 311 2472 371 2526; x_wconf 87' lang='lat' dir='ltr'>sine</span> <span class='ocrx_word' id='word_1_190' title='bbox 385 2468 536 2525; x_wconf 88' lang='lat' dir='ltr'>virtutibus</span> <span class='ocrx_word' id='word_1_191' title='bbox 556 2469 763 2525; x_wconf 86' lang='lat' dir='ltr'>assistentibus:</span> <span class='ocrx_word' id='word_1_192' title='bbox 799 2474 840 2518; x_wconf 93' lang='lat' dir='ltr'>at-</span> 
     </span>
    </p>
   </div>
   <div class='ocr_carea' id='block_1_8' title="bbox 73 2528 841 2671">
    <p class='ocr_par' dir='ltr' id='par_1_8' title="bbox 73 2528 841 2671">
     <span class='ocr_line' id='line_1_29' title="bbox 73 2528 841 2612; baseline -0.004 -19"><span class='ocrx_word' id='word_1_193' title='bbox 73 2528 152 2588; x_wconf 74' lang='lat' dir='ltr'>qutita</span> <span class='ocrx_word' id='word_1_194' title='bbox 161 2537 307 2602; x_wconf 82' lang='lat' dir='ltr'>clarissime</span> <span class='ocrx_word' id='word_1_195' title='bbox 316 2545 434 2601; x_wconf 90' lang='lat' dir='ltr'>intuitus</span> <span class='ocrx_word' id='word_1_196' title='bbox 443 2551 485 2600; x_wconf 91' lang='lat' dir='ltr'>est</span> <span class='ocrx_word' id='word_1_197' title='bbox 493 2543 640 2608; x_wconf 88' lang='lat' dir='ltr'>unitatem,</span> <span class='ocrx_word' id='word_1_198' title='bbox 661 2552 693 2596; x_wconf 88' lang='lat' dir='ltr'>ut</span> <span class='ocrx_word' id='word_1_199' title='bbox 700 2543 779 2612; x_wconf 89' lang='lat' dir='ltr'>prius</span> <span class='ocrx_word' id='word_1_200' title='bbox 790 2539 841 2591; x_wconf 90' lang='lat' dir='ltr'>tri-</span> 
     </span>
     <span class='ocr_line' id='line_1_30' title="bbox 75 2631 255 2671; baseline 0 0"><span class='ocrx_word' id='word_1_201' title='bbox 75 2631 255 2671; x_wconf 40' lang='grc' dir='ltr'>χ-</span> 
     </span>
    </p>
   </div>
   <div class='ocr_carea' id='block_1_9' title="bbox 79 2697 840 2818">
    <p class='ocr_par' dir='ltr' id='par_1_9' title="bbox 79 2697 840 2818">
     <span class='ocr_line' id='line_1_31' title="bbox 114 2697 840 2767; baseline -0.008 -9"><span class='ocrx_word' id='word_1_202' title='bbox 114 2697 131 2748; x_wconf 81' lang='lat'>⁸)</span> <span class='ocrx_word' id='word_1_203' title='bbox 148 2707 204 2755; x_wconf 75' lang='lat' dir='ltr'>Hom.</span> <span class='ocrx_word' id='word_1_204' title='bbox 217 2716 295 2767; x_wconf 74' lang='lat' dir='ltr'>odyn.</span> <span class='ocrx_word' id='word_1_205' title='bbox 309 2718 340 2763; x_wconf 83' lang='lat' dir='ltr'>rr,</span> <span class='ocrx_word' id='word_1_206' title='bbox 354 2717 470 2757; x_wconf 75' lang='lat' dir='ltr'>sar-487.</span> <span class='ocrx_word' id='word_1_207' title='bbox 485 2717 539 2764; x_wconf 73' lang='lat' dir='ltr'>(nos</span> <span class='ocrx_word' id='word_1_208' title='bbox 551 2716 666 2755; x_wconf 72' lang='lat' dir='ltr'>armenem</span> <span class='ocrx_word' id='word_1_209' title='bbox 680 2709 748 2749; x_wconf 70' lang='lat' dir='ltr'>colom</span> <span class='ocrx_word' id='word_1_210' title='bbox 761 2709 840 2746; x_wconf 75' lang='lat' dir='ltr'>versio·</span> 
     </span>
     <span class='ocr_line' id='line_1_32' title="bbox 79 2747 678 2818; baseline -0.008 -10"><span class='ocrx_word' id='word_1_211' title='bbox 79 2747 113 2787; x_wconf 50' lang='grc' dir='ltr'>ΜΨ</span> <span class='ocrx_word' id='word_1_212' title='bbox 123 2751 145 2795; x_wconf 68' lang='lat'>‘¹⁸</span> <span class='ocrx_word' id='word_1_213' title='bbox 155 2771 207 2807; x_wconf 73' lang='lat' dir='ltr'>more</span> <span class='ocrx_word' id='word_1_214' title='bbox 218 2767 292 2810; x_wconf 72' lang='lat' dir='ltr'>Latine</span> <span class='ocrx_word' id='word_1_215' title='bbox 305 2768 457 2818; x_wconf 77' lang='lat' dir='ltr'>expressimus.</span> <span class='ocrx_word' id='word_1_216' title='bbox 482 2765 574 2812; x_wconf 69' lang='lat' dir='ltr'>Aucta)</span> <span class='ocrx_word' id='word_1_217' title='bbox 667 2762 678 2782; x_wconf 78' lang='lat'>⁸</span> 
     </span>
    </p>
   </div>
   <div class='ocr_carea' id='block_1_10' title="bbox 0 0 1049 3100">
    <p class='ocr_par' dir='ltr' id='par_1_10' title="bbox 0 0 1049 3100">
     <span class='ocr_line' id='line_1_33' title="bbox 0 0 1049 3100; baseline 0 0"><span class='ocrx_word' id='word_1_218' title='bbox 0 0 1049 3100; x_wconf 95' lang='lat' dir='ltr'> </span> 
     </span>
    </p>
   </div>
  </div>
 </body>
</html>
