2050 3100
146 202 179 253 92
271 204 368 249 PHIL.
386 204 461 249 IUD.
482 203 645 260 QUAusT.
664 202 714 247 ΕΤ
734 202 815 247 SOL.
835 196 957 265 [Π,272.]

146 306 321 368 divitiarum,
347 302 507 375 cupiditatis
523 312 549 359 et
563 301 722 357 ambitionis
741 302 953 375 similiumque,

146 397 218 454 quae
233 381 284 435 vix
296 380 458 451 permittunt
477 380 585 433 animae
602 378 632 431 in
649 376 775 432 absoluto
795 386 868 432 statu
887 396 957 433 am-

146 456 253 511 bulare.
292 452 401 526 Optime
411 454 505 525 itaque
515 454 561 509 lex
574 451 608 526 (s.
620 451 720 525 legem)
731 454 858 524 exponit,
871 456 956 525 quod

146 529 265 603 sapienti
274 546 354 585 omne
365 529 485 601 spatium
499 528 623 600 amplum
636 536 691 592 est,
712 527 750 582 ita
764 534 796 582 ut
808 529 956 600 quicquid

146 608 177 662 ia
192 604 295 660 mundo
309 612 364 669 est,
385 604 518 660 referatur
527 605 558 658 ia
567 602 765 659 habitationem
774 603 912 675 sapientis
924 614 957 661 et

147 683 178 739 in
195 680 453 752 contemplationem
472 678 648 751 singillatim.
687 675 741 744 Qui
755 695 820 733 vero
834 689 956 736 nonest

146 755 224 819 talis,
245 770 297 810 nec
311 746 409 810 domae
423 770 513 826 neque
529 753 685 808 intellectus
695 753 756 811 eius
766 753 873 809 estsibi
881 773 954 827 pro-

147 831 240 903 prius,
254 824 310 885 'sed
324 829 471 901 despectus
486 829 655 900 comperitur
668 845 763 883 eorum
777 830 878 895 instar,
897 834 955 903 qui

148 908 178 959 in
193 904 345 978 cauponam
360 905 523 960 intraverint
532 903 622 959 solum
632 903 667 958 ad
678 920 709 960 se
718 903 893 976 implendum
902 907 955 961 in-

148 979 497 1055 gaugitandumquevitiis.
651 994 656 1003 ·

169 1136 234 1196 outa
241 1148 276 1189 eat
284 1175 301 1203 ‚‚
311 1137 394 1205 Coepit
402 1138 455 1190 illos
463 1147 486 1189 et
494 1137 670 1189 declinaverant
680 1136 715 1186 ad
724 1152 773 1186 eran
781 1138 815 1187 “t
827 1138 880 1202 (19,
892 1141 933 1200 ³.)

205 1260 248 1313 et.
275 1259 427 1332 Diligenter
445 1257 553 1314 dictum
571 1265 626 1322 est,
649 1254 725 1328 quod
739 1272 794 1311 non
807 1253 949 1322 intrarint,

149 1332 198 1388 sed
213 1338 377 1397 diverterint,
398 1335 529 1405 quoniam
541 1332 667 1405 pauciter
680 1339 787 1386 tantum
799 1330 954 1388 declinatio

150 1406 270 1462 efficitur
279 1424 419 1463 sacrorum
434 1408 582 1463 verborum
596 1406 671 1479 apud
683 1405 872 1479 proficientes,
893 1424 951 1462 non

87 1544 89 1552 Ι
149 1497 215 1535 vero
225 1479 425 1551 perfectissima
434 1484 596 1554 acceptatio.
616 1482 704 1538 Causa
712 1498 779 1538 vero
788 1481 951 1539 declinandi

151 1559 290 1624 compulsio
303 1564 358 1623 est3
384 1558 528 1628 proprium
541 1564 585 1630 est
593 1560 672 1613 enim
677 1557 832 1630 proficienti
841 1558 953 1614 nonia-

166 1630 203 1684 ile
217 1637 370 1702 sponteque
383 1631 494 1702 assequi
509 1631 675 1702 probitatem
689 1631 723 1705 (s.
734 1632 952 1708 bonarindoles)

150 1649 239 1760 fibero
252 1704 373 1782 impetu,
389 1704 439 1760 sed
452 1705 612 1780 multocum
622 1708 715 1764 labore
725 1707 886 1780 compulsus
896 1718 952 1765 est.

150 1779 290 1836 Hocenim
300 1787 397 1852 sponte
410 1777 446 1855 [*]
458 1782 621 1853 sapientiam
631 1790 725 1855 optare
735 1783 854 1855 sapienti
866 1782 954 1839 fami-

152 1856 219 1910 liare
233 1853 320 1928 est*)‚
341 1855 409 1910 alter
422 1872 488 1912 vero
501 1874 537 1912 ex
546 1859 710 1913 necessitate
720 1857 820 1914 ductus
830 1861 953 1931 pervim

150 1929 305 1984 instruitur.

154 2087 202 2136 Gur
219 2101 279 2135 unus
294 2086 338 2136 irre
348 2087 412 2154 sepit
429 2089 462 2139 eie
475 2098 559 2152 potum
576 2098 599 2139 et
615 2106 721 2156 etym
735 2089 790 2156 (lo,
808 2093 854 2158 8)l
870 2092 953 2144 Abro-

228 2153 282 2204 bam
296 2170 351 2212 vcro
369 2155 536 2220 cabanariam,
558 2174 605 2207 nort
620 2167 705 2222 potum
723 2159 778 2224 (18,
793 2161 874 2226 ea.)t

207 2257 250 2311 35.
270 2256 375 2312 Dicitur
388 2258 462 2330 apud
472 2274 572 2332 pueros
582 2259 768 2327 medicorum,
783 2262 858 2334 quod
868 2271 953 2334 potus

152 2348 206 2387 non
219 2329 299 2386 cibus
315 2340 369 2398 est,
389 2331 439 2389 sed
453 2351 551 2390 currus
565 2335 650 2390 cibi-
672 2337 804 2392 Monstrat
823 2348 850 2392 et
867 2338 953 2412 locu·

150 2408 212 2478 ipse
221 2423 332 2480 quoque
341 2407 511 2480 superfluum
525 2427 586 2465 esse
600 2411 789 2477 commodum,
811 2429 865 2466 aon
879 2429 952 2483 opus

151 2484 348 2542 necessarium.
387 2483 504 2539 Decebat
518 2485 604 2558 igitur
616 2484 775 2556 Sapientem
795 2489 950 2543 necessaria

151 2575 323 2630 praeparare,
335 2559 438 2631 quibus
448 2568 561 2615 naturae
571 2559 687 2624 latitudo
696 2561 826 2615 conclusa
836 2571 892 2628 est3
915 2563 953 2617 il-

153 2697 410 2790 20mf)A:1'0{‘'‚mw
426 2701 541 2751 sapientiae
557 2704 586 2741 ert
603 2704 674 2749 optare
691 2703 789 2750 sepientis
807 2704 947 2751 familiarite·
