2050 3100
166 157 216 213 236
286 160 386 206 PHIL.
404 157 479 203 IUD.
500 156 662 215 QUAEST.
682 156 732 203 ET
756 156 834 203 soL.
855 152 964 219 [litet]

166 263 257 323 iilam,
280 269 401 313 teneram
412 264 439 311 et
447 256 586 328 placidam
597 256 800 328 amabilemque
811 256 924 323 fectum,
941 269 965 313 et

166 334 281 391 afferens
291 348 427 404 proponas
436 332 493 385 tuis
502 331 711 404 progressibus,
728 340 786 387 oret
796 349 846 403 pro
855 341 896 398 te,
913 351 964 389 non

165 410 277 480 sapiens
290 407 371 461 homo
384 406 455 460 mibi
469 406 586 470 similis,
611 406 660 463 sed
676 408 767 462 anima
781 407 811 461 in
825 422 869 461 me
889 409 965 478 prin-

165 501 231 555 ceps
239 482 399 554 praecipua.
1015 494 1018 557 1

166 672 203 739 [Ἴ
220 671 268 723 Cer
286 670 397 723 Rebecca
415 672 451 722 bia
469 672 557 722 auditne
575 670 635 721 ebe
648 670 688 721 ad
704 670 779 721 Iacob
790 670 870 733 filium
888 690 963 723 auem:
1019 657 1020 709 i

231 740 322 803 „Ecce
335 740 418 790 audivi
424 748 520 805 patrem
534 749 596 790 tunm
610 738 722 788 dicentem
738 738 774 787 ad
783 738 854 789 Esau
860 740 963 804 frabent
1020 776 1021 781 ,

231 810 336 879 memf‘t
354 809 408 872 (27,
422 808 460 868 6.)

219 928 1024 1005 ΜΜΜΜΜΜΜΜῙ

162 1005 237 1061 Esau
247 1014 338 1063 autem
347 1013 457 1078 (mtrem
467 1008 558 1068 laceb,
579 1021 661 1059 suum
671 1012 763 1061 tamen
773 1004 863 1061 filium
874 1007 966 1061 nulla-

163 1089 245 1137 tenus
255 1081 338 1137 dixit.
374 1081 510 1148 Quoniam
519 1079 568 1135 ille
578 1079 764 1135 moderatione
773 1080 965 1152 probitateque

163 1173 272 1212 morum
280 1165 393 1213 ornatus
402 1164 473 1221 eret,
491 1156 564 1211 sicut
574 1154 734 1226 exemplum
744 1157 965 1226 perseverantiae

164 1230 299 1302 (nominis
317 1230 469 1305 Rebeccae)
487 1237 569 1285 natus
587 1244 656 1285 suus
674 1230 877 1298 conscribatur3
914 1231 966 1285 istc

162 1322 229 1363 vero
248 1307 389 1378 exemplar
407 1304 597 1361 immodestiae
615 1312 642 1359 et
661 1304 861 1376 improbitatis,
890 1304 966 1359 baud

162 1380 539 1453 quaquampacisestenim
549 1378 709 1435 moderatio.
748 1378 965 1435 Etiratrescen·

162 1461 258 1507 sentnr
273 1454 345 1508 sicut
358 1456 447 1526 impar
462 1463 489 1511 et
500 1472 565 1525 par,
585 1454 628 1509 sic
642 1453 782 1511 modestus
792 1454 965 1509 etimmode-

162 1704 218 1758 tuis
228 1702 465 1758 meliorationibus
480 1715 563 1782 atque
582 1708 772 1764 successibus:
796 1707 904 1778 optabit
915 1725 965 1763 au·

161 1786 217 1831 tem
227 1777 279 1831 tibi
290 1777 362 1832 bona
372 1794 425 1832 non
435 1781 604 1850 compositus
613 1797 665 1854 ego
675 1782 766 1847 homo,
777 1781 826 1837 sed
836 1782 914 1854 qued
924 1791 965 1839 est

162 1855 190 1905 in
201 1868 246 1908 me
256 1853 452 1926 augustissima
461 1853 596 1912 sobrietas
605 1857 723 1912 animae.

165 2045 257 2110 thcid
276 2047 387 2098 Rebecca
411 2050 448 2099 ln'e
470 2051 558 2101 auditae
581 2053 616 2102 eit
640 2054 675 2102 od
690 2054 766 2104 Iacob
781 2053 863 2116 filium
882 2071 964 2103 mem:

228 2114 342 2230 {ami
358 2127 452 2180 patrem
474 2128 537 2167 tuum
562 2117 692 2182 loquentem
715 2121 751 2172 ad
770 2121 840 2172 Esau
856 2121 965 2186 fratrem

217 2303 274 2355 itt.
304 2303 377 2357 Bene
395 2310 477 2374 atque
494 2305 741 2362 observantissima
755 2307 831 2363 hunc
845 2307 965 2379 quidem

159 2377 250 2441 Iacob,
271 2375 361 2432 filium
379 2386 470 2433 autem
488 2395 571 2435 snum
590 2377 719 2446 minime,
743 2383 965 2438 constantissimi

159 2452 235 2506 enim
254 2459 281 2507 et
299 2452 468 2508 ornatissimi
487 2470 576 2509 mores
590 2458 826 2526 perseverantiae,
850 2473 885 2511 ne
900 2465 966 2529 post

159 2527 258 2582 merito
271 2537 396 2595 vacatur3
422 2543 526 2599 procax
539 2546 605 2584 vero
614 2538 641 2584 et
651 2530 726 2584 iners
736 2541 914 2603 nequaquem
926 2531 965 2586 il·

159 2599 231 2664 lum,
252 2603 345 2673 itaque
357 2619 417 2658 sors
431 2602 461 2656 in
474 2619 542 2673 pace
556 2602 737 2660 foecundatur
750 2604 844 2676 (moro.
859 2605 965 2662 tunde-

159 2673 212 2744 tur)
226 2683 252 2728 et
265 2678 375 2747 requie,
396 2677 480 2732 huius
496 2694 559 2733 vero
574 2693 628 2731 non
643 2679 690 2732 ita.
735 2678 870 2746 Quamvis
884 2681 964 2736 enim
