2050 3100
179 169 212 220 ac
321 172 419 219 earn,
431 171 504 237 run.
519 171 684 229 Quansr.
697 171 746 217 nn
759 170 834 215 son.
859 160 986 239 [narr]

176 276 232 331 Hoc
247 275 322 329 enim
336 273 470 328 malorum
486 281 528 327 est
542 272 749 337 saevissimum,
776 269 890 327 extendi
904 287 988 327 mor-

176 350 244 405 bum
258 348 418 420 cupiditatis
438 348 467 402 in
483 355 567 402 totam
582 348 707 420 animam,
716 346 868 416 dolentem
883 364 988 413 ,nam-

176 428 231 497 que
246 424 323 481 velut
338 423 480 479 residuum
494 422 583 478 morbi
597 423 733 497 inurentis
744 421 901 493 desperatio
913 432 959 477 est
968 440 986 477 a

176 498 244 555 finer
267 516 320 554 una
332 500 407 553 enim
415 505 457 553 est
467 498 621 559 sitientium
631 498 869 570 esurientiumque
882 496 987 551 mede-

177 575 217 639 la,
238 591 273 629 ne
288 573 359 630 fame
373 573 551 646 prolongetur
566 570 691 636 afflictio,
711 572 807 627 bibere
819 581 847 628 et
859 572 985 628 mandu-

177 666 252 714 care,
275 657 301 705 et
311 649 422 704 illorum
432 649 482 720 qui
495 648 612 719 cupiunt
627 646 747 719 aliquid,
767 648 879 720 assequi
894 647 982 703 illud.

178 724 300 779 Tertium
311 732 403 780 autem
415 722 597 778 subsecutum
608 731 650 778 est
659 739 743 795 super
752 722 878 779 devictos
887 724 984 779 caeci-

177 800 240 854 tatis
256 799 407 863 iudicium‚
433 796 505 852 illud
523 796 599 869 quod
616 805 728 870 putatur
744 799 839 854 oculos
856 797 981 863 afficere,

177 891 272 929 revera
299 882 391 929 tamen
417 873 579 945 supervenit
604 874 680 929 visui
704 873 872 939 animasum,
907 890 983 946 quae

176 949 337 1007 obcaecatae
359 956 424 1005 sunt
447 947 481 1003 ad
500 946 660 1009 fridendnm
684 957 806 1004 sanctam
827 950 980 1005 visionem.

176 1025 235 1081 Lex
250 1026 330 1080 'enim
349 1025 402 1080 erit
420 1024 493 1079 iusta
514 1039 599 1095 super
621 1024 698 1088 illos,
728 1025 778 1095 qui
800 1024 925 1079 nobilem
947 1042 981 1080 ac

177 1101 365 1156 venerabilem
386 1100 496 1157 vultum
520 1098 649 1155 divinum
671 1098 856 1172 dedignantur
879 1099 979 1155 videre

177 1177 313 1243 modeste,
334 1176 453 1249 gloriose
466 1182 493 1231 et
503 1173 600 1234 divino
614 1191 701 1240 more,
722 1183 754 1230 ut
765 1191 883 1247 posnam
898 1175 978 1232 luant

177 1254 307 1309 caecitate
321 1251 469 1325 affligente.
552 1322 556 1327 ι

180 1357 245 1415 Quid
253 1369 287 1409 est
295 1360 355 1423 „Et
363 1360 531 1410 dissolutionem
543 1365 681 1422 quaerentes
690 1355 842 1422 ostiun⁸)“i
853 1358 907 1425 (19,
922 1360 975 1424 ll.)

234 1445 276 1495 ts.
306 1444 408 1498 Littera
428 1458 573 1498 excessum
596 1442 706 1497 denotat
729 1442 869 1508 lihidinis,
898 1445 976 1515 quod

78 1512 83 1517 '
176 1531 266 1587 neque
281 1514 420 1572 obcaecati
435 1516 590 1572 diminuere
604 1517 779 1589 cupidinem,
802 1518 853 1575 sed
867 1526 975 1576 tantum

94 1627 98 1634 ·
176 1591 281 1645 malum
302 1592 441 1646 caecitatis
459 1590 516 1663 (vel
534 1591 569 1646 ob
588 1601 691 1648 tantam
705 1595 839 1655 malitiam
856 1596 975 1650 caecita-

175 1663 241 1738 tem)
255 1680 306 1736 pro
321 1665 409 1722 nihilo
424 1665 556 1721 ducentes
574 1667 749 1725 insaniebant
766 1669 857 1726 furore
872 1688 974 1726 concu-

175 1739 337 1811 piscentiae.
376 1740 418 1796 Ad
434 1749 554 1796 mentem
568 1760 647 1808 vero,
668 1747 720 1816 qui
735 1761 785 1816 pro
799 1744 854 1800 fine
867 1746 974 1802 haben-

175 1822 216 1868 tes
231 1813 411 1885 cupiditatem
426 1815 603 1878 dissimulant
622 1816 658 1894 [Ἴ
677 1837 727 1891 per
746 1821 823 1881 illam
841 1837 973 1892 quaerere

174 1889 319 1954 virtutem,
346 1908 489 1964 nunquam
508 1892 652 1948 invenient
671 1895 706 1949 ad
725 1913 785 1950 eam
804 1897 969 1969 ingressum,

174 1963 224 2018 sed
239 1963 427 2022 dissolvantur
440 1968 493 2024 cito
511 1969 594 2030 citius
610 1968 799 2042 desperantes:
825 1989 878 2028 non
897 1975 972 2029 enim

173 2047 279 2120 pugnat
290 2040 358 2096 adeo
369 2042 476 2115 aliquid
489 2061 553 2099 cum
566 2044 673 2116 aliquo,
694 2054 827 2116 quantum
837 2049 972 2119 sapientia

174 2122 267 2168 contra
286 2119 538 2190 concupiscentiam
552 2127 578 2176 et
596 2120 771 2178 immundum
788 2131 881 2178 contra
898 2127 970 2206 opti-

173 2205 260 2242 mum.

177 2295 241 2352 Quid
262 2307 297 2347 est
316 2300 460 2363 „Discunt
481 2303 529 2352 viri
550 2304 585 2352 ad
601 2302 663 2366 Lot,
691 2314 718 2353 ut
739 2305 847 2356 edmeret
860 2302 895 2354 ‘de
912 2309 969 2355 orbe

241 2375 313 2415 totam
334 2369 468 2432 familiam:
500 2369 624 2420 Perdituri
649 2373 708 2420 enim
733 2390 821 2435 samm,
853 2373 964 2437 inquiunt,

232 2433 315 2484 ‘boum
328 2435 400 2498 hunt,
419 2437 530 2500 quoniam
543 2438 661 2488 exaltatas
675 2449 709 2488 est
721 2440 810 2489 chtnor
823 2445 899 2489 contis
913 2458 966 2489 eon-

240 2502 416 2566 trudonensem,
438 2513 460 2552 et
473 2506 535 2553 misit
547 2523 590 2555 nos
604 2506 639 2555 od
651 2506 810 2556 delendam“i
826 2513 879 2571 (19,
894 2514 921 2557 12
932 2510 965 2569 s.)

228 2590 270 2641 ta.
292 2586 364 2642 lllud
379 2587 522 2642 Eaeoltotus
538 2599 575 2645 est
594 2593 692 2644 clamor
709 2609 797 2645 eoam
816 2602 905 2647 contro
919 2597 966 2646 do-

173 2687 382 2708 -f-—-...

224 2727 245 2772 ΙΙ)
258 2729 293 2766 καὶ
306 2725 452 2777 nepotianum*
466 2726 571 2776 ζητοῦντες
581 2727 619 2775 τὴν
631 2726 699 2779 θύραν
711 2731 775 2770 Lxx.
