2050 3100
178 273 212 324 90
408 273 593 320 PHILONIS
611 271 749 320 IUDAEI
848 267 880 332 [l‚
892 275 927 338 22.
938 269 983 336 dd]

180 376 338 439 mansitate,
359 375 389 430 in
398 371 577 430 multitudine
587 373 671 444 inque
682 371 869 444 amplitudine
878 391 980 439 rerunt,

180 451 216 506 ad
229 467 299 523 quas
313 464 441 505 mensura
451 449 551 504 menis
561 455 712 518 naturaque
723 464 905 503 numerorum
915 450 982 504 defi-

179 528 257 581 ciunt
268 524 399 580 omnino‘l
426 523 501 578 Alter
516 532 558 578 est
571 540 607 578 ss
620 521 736 577 adverso
751 520 931 578 adnotatam
946 521 979 598 Γ]

172 602 317 655 exercitus
327 599 473 658 cuiusdam
482 598 624 654 ordinatus
634 613 729 652 eorum
739 596 852 662 chonias,
865 599 981 671 qnipla-

179 674 335 730 netaedicti
350 683 426 740 sunt3
458 682 485 727 et
499 673 638 744 imprimis
653 671 847 742 inaequaliter.
886 673 980 740 Quan-

105 755 113 780 '
181 747 331 820 doquidam
344 749 421 803 nnllo
435 746 517 802 modo
530 756 636 819 septem
650 746 693 802 illi
711 746 762 802 soli
781 746 824 801 sie
844 749 978 804 nominati

181 821 365 895 aequipondio
374 829 490 895 possunt
499 838 560 877 esse
570 831 661 878 contra
672 821 836 876 immensam
852 823 979 878 multitu·

182 899 275 952 dinem
285 914 340 953 non
352 897 551 952 erratiearum:¹
574 895 643 968 quid
654 897 727 950 enim
738 904 810 952 esset
820 895 875 952 hac
885 915 978 953 amen-

178 974 217 1027 tia
231 970 397 1028 absurdius?
419 971 581 1027 Deindeisti
591 971 857 1045 quoqne(planetae)
867 973 977 1028 interea

177 1045 744 1118 adversanturmaximeperdiderantiam.
767 1047 976 1104 lhroenimcum

176 1122 235 1176 sole
252 1130 366 1176 currunt
379 1117 501 1193 semper,
523 1121 674 1177 Mercurius
689 1130 716 1175 et
730 1118 836 1186 Venus,
859 1139 977 1193 quorum

176 1198 284 1268 primus
297 1197 422 1261 llermes,
444 1195 673 1268 alterrlphrcdite
685 1204 809 1250 vocatur.
850 1197 978 1254 Caetero-

176 1289 239 1326 rum
258 1279 348 1325 autem
367 1272 487 1342 impares
505 1280 570 1326 sunt
584 1270 741 1327 velocitates
755 1271 880 1343 periodi3
916 1291 977 1328 nam

177 1363 258 1420 aegre
266 1347 347 1400 XXX
359 1347 439 1408 annis
450 1346 584 1418 Saturnus
595 1345 706 1400 videtur
715 1362 862 1418 peragrare
876 1348 978 1419 sphae-

176 1439 222 1475 ras
240 1421 379 1492 proprias,
401 1419 447 1474 Sol
464 1419 607 1473 mensibus
627 1419 786 1483 duodecim,
808 1422 882 1476 Mars
897 1424 978 1478 annis

177 1495 299 1560 duobus,
321 1495 398 1548 Luna
413 1494 471 1548 sola
485 1493 689 1567 diebusriisque
710 1495 802 1550 minus
822 1511 910 1567 quam
929 1499 978 1554 tri·

177 1572 263 1641 ginta.
302 1568 386 1641 Atqui
401 1569 537 1641 quomodo
550 1576 589 1624 tot
597 1577 750 1641 temporum
760 1571 832 1625 inter
841 1572 979 1645 inaequa-

177 1645 281 1707 litates,
301 1644 406 1716 quibus
420 1661 511 1715 morae
525 1643 650 1715 dispares
661 1644 876 1718 uelocitatesqua
890 1658 979 1704 moto-

178 1735 240 1771 rum
254 1734 399 1844 porporum
413 1727 550 1787 constant,
570 1727 734 1790 potestesse
748 1720 814 1775 ordo
823 1720 978 1780 laudabilis

176 1792 252 1847 chori

230 1882 273 1933 to.
302 1879 397 1935 Lunae
410 1899 476 1937 vero
494 1883 586 1938 lumen
600 1898 690 1938 noune
704 1882 798 1953 inepte
810 1891 943 1954 putatur,
965 1904 978 1941 a

175 1955 233 2009 sole
241 1955 319 2009 iuxta
328 1955 532 2025 providentiam
541 1957 684 2013 desumere
695 1955 800 2022 lucem,
821 1975 912 2029 quum
928 1978 978 2033 po-

175 2030 231 2083 tius
246 2029 332 2083 instar
346 2031 453 2101 speculi
467 2050 534 2092 casu
547 2033 576 2085 in
586 2048 616 2085 se
626 2030 794 2087 incidentem
803 2031 924 2089 formam
935 2054 978 2091 re-

176 2102 278 2174 cipiat?
301 2103 538 2171 Quemadmodum
547 2104 726 2177 Empedocles
737 2106 843 2181 (dixit):
869 2109 978 2168 Lumen

170 2179 316 2250 ¹accipiens
333 2179 437 2235 lunaris
451 2181 551 2253 globus
566 2198 697 2253 magnum
710 2180 890 2257 largumque,
911 2203 978 2241 mox

175 2254 251 2309 illico
273 2271 399 2309 reversus
422 2263 477 2319 est,
507 2263 539 2310 ut
558 2272 670 2309 currens
690 2256 797 2311 caelum
816 2258 975 2333 attingeret.

175 2328 249 2394 Quid
262 2332 352 2384 autem
368 2336 395 2383 et
407 2343 522 2383 occasus
535 2329 695 2385 stellarum?
721 2331 860 2401 numquid
876 2334 906 2387 in
927 2352 976 2389 no-

175 2412 259 2459 stram
278 2404 424 2458 utilitatem
443 2413 615 2475 comparatae
628 2413 693 2460 sunt
707 2412 734 2459 et
748 2421 802 2460 non
815 2407 911 2477 potius
927 2426 977 2463 ne

175 2478 297 2531 cessitati
307 2477 413 2548 periodi
423 2472 549 2532 sdrviunt
557 2494 576 2542 ,²
586 2480 766 2535 circumactae
779 2496 844 2534 eum
858 2483 976 2539 univer-

174 2550 223 2603 so?
234 2552 309 2620 'Nam
317 2551 527 2621 allocutionum
540 2553 610 2607 aliae
619 2554 757 2616 occidunt,
770 2555 917 2625 periodum
930 2574 977 2612 aa·

173 2633 282 2703 ternum
291 2633 497 2688 commutantes,
507 2636 617 2695 praeter
625 2622 680 2692 e'as,
693 2628 888 2699 quaaPlaustri
897 2642 974 2701 sunt;

172 2702 242 2745 istae
252 2698 326 2748 enim
336 2713 445 2767 semper
453 2701 616 2769 perspicuae
626 2710 700 2775 aunt.
769 2764 771 2771 ,

228 2782 271 2835 tt.
280 2785 383 2838 Noctis
394 2788 613 2843 terminationem
626 2790 739 2863 dieique
752 2790 789 2867 [⁴⁵]
799 2795 977 2867 magnitudi-
