2050 3100
67 184 156 251 [Mil]
216 191 259 236 m
277 188 458 237 GENESIN.
481 185 608 234 SERHO
627 187 669 234 w.
807 177 841 230 75

65 291 140 354 strati,
157 307 239 362 quam
250 307 307 346 non
318 289 384 346 licet
394 288 522 344 omnibus
533 287 639 350 dicere,
654 286 785 358 quoniam
797 285 843 340 in-

65 365 175 419 consultis
188 365 374 438 indignisque
391 369 527 417 secretum
546 361 698 433 patefacere
715 361 774 414 eius
791 367 840 423 est,

64 439 101 508 qni
112 439 222 495 destruit
241 451 270 494 et
290 440 392 494 evertit
406 438 495 510 legem
511 435 689 508 perfectionis
704 451 843 489 sacrorum

63 530 211 569 arcanomrn.
252 513 276 568 0
294 523 339 568 ter
356 513 465 567 metam
478 520 575 582 terque
588 510 697 566 telieern
712 510 842 572 animam,

27 606 28 615 ¹
63 587 138 657 inqua
148 589 215 643 dens
224 606 283 644 non
293 595 337 643 eet
347 587 513 659 dedignatus
521 585 645 640 habitare
656 593 682 640 et
693 583 843 646 ambulare,

62 662 236 733 regimem
246 681 281 718 ac
291 663 408 718 mum
417 662 558 733 propriam
567 659 684 723 faciens,
703 667 734 713 ut
747 656 847 713 laetifi-

62 745 188 792 cantemse
198 738 379 794 laetificaret!
405 738 461 791 lloc
470 736 546 791 enim
557 736 669 790 omnino
682 749 779 788 verum
793 739 844 796 est,

60 810 129 878 qood,
134 814 183 882 qni
188 813 321 868 barhes
327 810 484 883 suscipiunt
489 808 704 882 (hospitalitate),
715 807 848 862 exhibent

63 881 325 955 laetitiamconvivii3
342 888 393 958 qui
403 903 469 941 vero
476 886 560 957 plane
570 882 848 955 impletnrdeoappa·

62 961 472 1036 renoeintelleetnspnrissimue,
481 961 544 1032 ipsc
552 961 644 1031 potins
656 957 711 1012 lrui
720 957 849 1013 convivio

62 1030 180 1090 dicendus
195 1046 241 1093 est
255 1046 286 1093 et
302 1034 468 1092 laetabunde
477 1034 604 1090 recreari.
642 1034 677 1088 Et
687 1032 755 1088 forte
763 1031 849 1085 nimis

63 1107 117 1172 rite,
134 1127 197 1165 nam
212 1112 366 1183 hospitalis
379 1112 440 1181 ipse
454 1127 559 1182 egenen
570 1117 624 1171 est,
645 1108 747 1176 hospes
758 1113 849 1160 antem

63 1180 199 1240 adveniens
211 1188 323 1241 nulline
336 1184 480 1257 indigens,
501 1183 551 1238 sed
566 1182 722 1236 ditissimus
737 1195 851 1250 magno-

63 1269 129 1325 pere,
146 1276 231 1331 quem
245 1268 405 1331 sequuntur
415 1258 503 1314 lentes
511 1258 648 1313 bonorm
657 1260 790 1326 perpetuo
799 1249 852 1306 tlu-

64 1332 167 1389 entinm:
186 1335 340 1407 exquibus
350 1351 523 1397 nonomnes‚
543 1331 593 1386 sed
603 1329 714 1402 proprie
724 1325 853 1382 mundio-

65 1420 101 1487 {08
112 1419 223 1476 possunt
238 1411 355 1464 haurire
364 1416 459 1480 potum
473 1408 592 1464 laetitiae
603 1407 631 1458 in
642 1405 704 1476 ipsa
713 1410 853 1473 compota·

66 1485 140 1561 tione,
158 1484 187 1538 in
202 1502 260 1556 qna
274 1483 471 1557 prophetarum
486 1491 513 1538 et
526 1481 688 1555 angelorum
701 1477 771 1552 (sive
782 1494 854 1532 nnn-

67 1557 163 1631 110rom)
173 1558 348 1616 delectantur
357 1560 458 1622 animi,
474 1557 644 1613 voluntariae
655 1556 726 1629 legis
736 1553 854 1609 mandu-

67 1637 148 1685 canes
157 1634 253 1691 cibum
261 1651 350 1707 purae
361 1634 512 1705 sapientiae
523 1632 557 1687 ab
567 1634 712 1687 invitatore
723 1630 783 1685 deo.

114 1834 147 1901 [Ἴ
160 1838 241 1896 Quare
255 1838 327 1890 dicit:
349 1838 458 1903 „Posuit
469 1856 549 1889 eoram
559 1838 603 1901 eis,
619 1848 641 1888 et
649 1836 804 1888 nrandocove·

347 1910 440 1956 mm
462 1906 565 1971 (ree.)

99 2039 141 2119 ,9.
159 2040 284 2097 lleidens
298 2049 340 2096 est
353 2040 426 2095 illnd
437 2046 672 2103 manducaverunt,
693 2036 854 2111 symbolice,

73 2111 175 2191 nmine
185 2134 252 2172 vero
264 2116 362 2171 eibum
375 2117 532 2187 proprinm3
558 2132 613 2169 non
626 2114 701 2169 enim
711 2110 857 2167 comedunt

73 2180 169 2252 obem,
194 2208 286 2262 neque
304 2191 406 2245 bibunt
425 2191 543 2245 rnbenm
562 2191 659 2244 vinum
678 2188 773 2243 felices
792 2184 857 2241 illae

75 2265 187 2327 naturae,
208 2265 258 2320 sed
273 2265 413 2319 annuendi
428 2265 593 2337 benignitati
607 2264 722 2318 tidenter
736 2260 857 2335 rogantis

76 2327 166 2390 ill(licio
178 2347 230 2393 est.
273 2339 353 2394 Sicut
371 2340 445 2393 enim
461 2339 588 2395 homines
602 2338 723 2409 hospitio
738 2336 855 2406 excepti,

75 2416 152 2485 {llum
168 2413 239 2468 cibis
259 2413 442 2479 delectanter,
468 2414 589 2487 gaudent
609 2413 643 2467 de
662 2412 783 2482 hospite,
809 2408 858 2479 qui

78 2490 143 2545 lpsos
155 2490 300 2551 recreavit,
326 2488 454 2543 similiter
470 2498 498 2543 et
515 2484 647 2543 divinitas
662 2486 696 2541 de
711 2484 782 2545 illis,
808 2480 857 2551 qui

79 2548 183 2615 fideliter
196 2578 227 2617 ac
240 2563 302 2617 sine
316 2562 516 2618 abalienatione
529 2570 626 2618 curant
639 2563 665 2615 ei
674 2555 856 2626 complacere:

79 2634 236 2716 oemnodina
245 2638 320 2691 enim
328 2637 410 2692 cibus
419 2636 465 2692 dei
477 2638 582 2694 dicitur
596 2637 643 2708 pia
658 2650 688 2688 ac
702 2628 787 2700 proba
802 2627 859 2681 vito

82 2694 187 2764 bonnis
196 2710 297 2766 virtute
307 2713 407 2767 ornati.
