2050 3100
160 285 207 338 tel
281 309 285 315 ¹
328 288 451 335 INDEX
468 284 746 333 AUCHERIANUS
764 287 785 330 1.

902 350 948 397 Per

159 408 241 459 Saeva
251 407 431 459 etmmisdura
440 412 478 454 est
485 403 658 467 1ns1p1ent1um
666 402 794 451 anarchra.
799 437 891 450 ...........
922 407 948 449 49

157 477 244 526 Mente
255 475 369 540 praedito
382 472 498 523 convenit
510 472 610 535 proprie
624 484 736 533 sperare,
755 484 818 517 nam
830 470 894 519 irra-

192 543 297 593 bonaha
306 541 425 589 ammaha
433 538 547 602 expertia
555 544 614 586 sunt
626 536 689 599 spei
725 535 791 600 Spes
807 543 894 587 autem

192 609 351 673 praesagium
365 607 491 684 quoddam
502 606 588 667 gaudii
601 610 650 653 est:
678 610 734 651 ante
751 618 813 653 vero
831 618 895 667 gau·

193 678 262 725 dium
271 674 425 738 exspectatio
435 673 558 722 bonorum
573 678 722 719 est............·.
725 707 894 719 ...................
925 675 949 718 ιι

159 744 193 793 Ut
202 744 283 791 bonus
293 747 331 789 est
340 741 415 800 dens,
429 740 585 788 abundanter
593 738 696 801 largitur
705 737 801 799 gratias
811 740 894 787 maxi·

191 822 245 857 mas
256 813 281 856 et
291 806 365 855 simul
375 807 529 857 studentium
537 806 666 855 virtutibus
677 805 744 854 delet
754 812 843 854 vetera
853 806 896 855 de·

190 876 252 923 licta
265 874 413 936 castiganda
414 908 894 923 .........................................................
925 876 949 919 59

157 940 278 992 Nonnulli
288 941 361 990 citius
371 942 466 1005 expleri
476 942 590 990 videntur
597 946 698 1003 gustate
705 939 844 1003 probitate,
859 948 896 989 at·

192 1023 240 1071 que
254 1023 299 1072 spo
313 1008 373 1057 data
385 1009 499 1058 sanitatis
514 1010 596 1058 denuo
609 1008 635 1056 in
653 1008 759 1055 eundem
775 1008 898 1057 recidunt

191 1076 314 1125 morbum.
323 1110 896 1125 ....................................................................
927 1098 952 1108 -

157 1144 228 1193 Finis
247 1144 384 1207 proborum
401 1158 432 1191 ac
450 1150 594 1191 sanctorum
612 1156 664 1189 non
681 1148 718 1190 est
734 1154 820 1203 mors,
850 1142 898 1191 sed

191 1212 322 1260 translatio
341 1211 503 1272 accessioque
521 1210 554 1258 ad
571 1210 675 1258 alterum
692 1209 776 1256 locum
777 1242 897 1258 .............
928 1233 954 1243 -

159 1276 231 1343 Opus
241 1277 281 1327 dei
290 1279 360 1342 prius
370 1284 408 1326 est
418 1277 579 1337 benefacere,
599 1276 733 1339 deperdere
748 1290 810 1324 vero
824 1286 898 1339 post-

192 1346 295 1395 modum
312 1346 425 1407 sequitur
426 1378 896 1393 ........................................................
929 1346 954 1390 tl

159 1412 265 1462 Virtutis
279 1414 391 1463 studioso
402 1427 448 1475 pro
458 1426 517 1460 vera
525 1411 685 1475 generatione
695 1417 734 1458 est
742 1410 837 1459 virtus:
863 1412 898 1459 si·

193 1481 295 1543 quidem
302 1480 445 1529 hominibus
454 1479 629 1541 generationes
639 1484 697 1526 sunt
705 1477 886 1537 homines,am

192 1548 240 1597 mis
252 1563 311 1597 vero
320 1550 423 1596 virtutes
425 1581 897 1602 ........................................................
931 1551 956 1594 69

158 1613 227 1662 Nihil
237 1617 300 1663 adeo
310 1613 511 1664 inharmoriicum
520 1620 570 1674 est,
586 1595 662 1676 quam
671 1613 755 1662 ventri
758 1627 884 1663 vacare...
889 1619 957 1664 ,84

159 1681 483 1731 Morsestinmalitiaacta
493 1683 554 1730 vita
574 1682 650 1741 (Vide
660 1687 685 1730 et
693 1681 851 1742 sequentia)
852 1719 897 1730 .....
932 1685 957 1730 ts

159 1745 267 1794 Sicutin
278 1762 362 1797 amma
370 1749 525 1809 intellectus
539 1763 576 1797 sic
584 1763 611 1796 ιιι
620 1762 821 1810 corporeamma
822 1783 899 1798 ........
933 1751 959 1796 90

157 1810 189 1860 in
197 1813 313 1943 imprgbo
322 1816 419 1864 malitia
432 1784 541 1886 gemella
555 1823 593 1864 cst
608 1816 659 1878 (vel
671 1815 839 1878 gemellorum
851 1830 900 1882 ge·

191 1879 268 1926 nitrix
281 1915 898 1932 ,,,,,,,,,,,,,,,,,,,,,,,,,,,,,,,,,,,,,,,,,,,,,,,,,,,,,,,,,,,,,,,,,,,,,,,,,
933 1887 959 1931 92

158 1943 274 1994 Hominis
284 1954 374 1995 natura
382 1963 464 2012 capax
473 1958 511 1999 est
520 1950 709 2042 conhariorum,
722 1949 821 1998 virtutis
831 1958 900 2013 puta

192 2018 266 2073 atque
281 2014 392 2064 malitiae
394 2052 897 2066 ............................................................
933 2021 959 2066 93

157 2079 298 2128 Diumtas
291 2095 423 2148 immempr
433 2091 471 2132 est
479 2085 539 2133 mah
549 2091 574 2133 et
582 2083 795 2133 amanuvntuos
797 2118 897 2133 ...........
933 2089 959 2132 ιι

157 2146 220 2196 Dies
230 2154 280 2208 est
300 2163 430 2212 quousque
439 2151 518 2214 fulget
527 2167 601 2214 super
609 2159 675 2200 terra
684 2152 723 2200 sol
732 2151 816 2214 (Arm
829 2150 896 2214 div).

192 2215 264 2264 Alias
279 2216 333 2264 dies
348 2218 430 2280 (Arm.
444 2218 482 2280 )
496 2219 675 2268 dro1turetiam
686 2231 737 2267 una
747 2233 806 2266 cum
814 2227 898 2269 nocte

191 2290 343 2333 numeratus.
352 2317 897 2338 ................................................................
934 2291 960 2334 95

157 2350 248 2400 Iubent
256 2353 350 2401 domini
361 2353 450 2413 servis,
470 2354 591 2402 mandent
600 2360 685 2402 autem
695 2352 779 2402 dilecti
789 2353 897 2417 (amici)

192 2419 292 2478 amicis,
311 2420 457 2481 praesertim
465 2420 574 2470 maiores
584 2421 721 2470 minoribus
724 2455 895 2469 ....................
933 2425 961 2469 98

159 2481 212 2531 Sua
226 2486 424 2549 uniuscuiusque
435 2487 535 2549 proprie
550 2495 609 2536 sunt
620 2489 665 2536 illa
678 2487 763 2536 omnia
772 2488 896 2549 consilia,

191 2563 256 2608 quae
264 2553 402 2600 secundum
411 2554 527 2602 virtutem
536 2555 681 2603 ordinantur
683 2589 894 2604 .........................
918 2560 961 2604 10⁶

156 2611 271 2662 Medicae
286 2619 345 2665 artis
358 2619 509 2682 principium
523 2627 561 2669 est
573 2636 660 2670 arcere
668 2621 819 2670 infirmitatis
830 2635 895 2670 esu-

246 2713 892 2737 ............................................................................
917 2695 928 2737 l
935 2694 962 2736 lo

136 2797 140 2804 Α
156 2737 320 2844 Philosophia
333 2751 434 2810 egregia
442 2752 585 2814 selectaque
594 2769 667 2816 pars
688 2769 765 2816 quam
774 2769 893 2816 eompre-

188 2801 274 2852 hendit
285 2811 408 2869 sapientia
409 2849 890 2869 .........................................................
914 2827 961 2870 119
