2050 3100
141 173 188 224 4ῗο
263 176 364 221 PHIL.
384 175 458 219 IUD.
479 172 643 231 Quaeso.
660 172 710 216 ET
734 171 812 218 SOL.
833 167 948 235 [mooe]

137 295 209 333 vena
227 276 317 330 omnis
335 275 424 329 anima
443 274 555 344 sapiens
573 273 602 326 in
620 273 729 327 mortali
746 272 799 327 hoc
817 290 944 345 corpore,

136 369 187 424 pro
202 351 370 405 habitatione
386 348 491 402 habens
509 365 541 401 ac
555 348 643 420 patria
663 348 843 419 purissimam
863 350 946 404 illam

137 427 285 481 essentiam
292 422 380 479 caeli‘l
393 422 471 477 Unde
481 422 516 477 ad
525 422 598 477 hauc
607 423 750 495 regionem
758 426 945 497 transmigra·

136 502 239 556 tionem
257 500 322 555 lecit
339 506 436 553 natura
453 506 546 553 nostra
564 514 615 569 per
632 498 722 569 legem
739 500 942 555 necessariam:

136 576 196 631 sive
212 585 242 630 ut
256 576 351 633 visitet
363 582 470 629 terrena
483 581 510 628 et
514 581 648 646 procuret
660 572 821 647 diligenter,
841 591 878 628 ne
888 576 945 631 ista

136 667 247 722 quoque
276 650 382 723 privata
411 650 468 704 sint
495 648 632 720 sapientia
654 665 705 721 pro
728 649 944 720 participatione
1004 651 1005 670 ¹

137 726 260 781 melioris
271 727 358 793 vitae;
380 726 441 780 sive
454 733 485 779 ut
497 732 592 779 noscat
604 741 634 778 so
648 732 791 796 cognatam
805 727 943 779 creaturis

136 800 294 874 (corporeis)
319 818 380 855 esse
404 808 431 855 et
451 816 505 855 non
524 816 606 871 posse
623 807 757 872 perpetuo
776 816 808 853 ac
826 801 943 872 penitus

135 876 245 931 felicem
269 874 419 931 exsistere?
438 874 634 941 *Quamobrem
655 873 824 929 concludens
845 877 943 930 consi-

136 952 206 1007 lium
229 951 392 1015 voluntatis,
427 951 465 1006 ait
486 950 568 1005 illum
586 950 752 1022 simpliciter
769 954 897 1005 odocm
916 962 942 1005 ct

131 1032 312 1096 perecricam,
335 1026 384 1081 sed
395 1026 491 1081 adiicit
501 1026 573 1081 illud
583 1030 723 1081 vobiscum.
762 1026 833 1080 Nam
844 1025 942 1097 prole·

136 1110 179 1157 cto
189 1101 331 1157 studiosus
342 1102 494 1174 sapientiae
503 1119 567 1159 cum
577 1101 655 1156 nullo
665 1118 700 1156 ex
709 1101 788 1156 vanis
798 1118 830 1155 ac
840 1101 941 1157 vacuis

134 1176 232 1243 rebus,
253 1179 382 1251 quamvis
398 1194 433 1232 ex
447 1186 543 1233 natura
558 1185 690 1250 cognatus
707 1177 744 1231 sit
760 1175 832 1240 illis,
854 1176 941 1232 coha-

134 1253 204 1309 bitat
214 1254 259 1309 vel
270 1262 461 1318 conversatur,
483 1253 533 1307 sed
544 1253 653 1324 longius
667 1252 702 1305 ab
714 1252 829 1306 illis-est
841 1253 940 1307 seiun-

134 1336 195 1384 ctus
216 1331 346 1394 oonsilio,
372 1331 409 1383 ita
426 1337 457 1383 ut
474 1346 529 1383 non
549 1327 733 1399 navigationis
752 1327 858 1391 socius,
887 1343 939 1381 nec

134 1421 226 1459 comes
240 1405 270 1457 in
285 1405 345 1468 via,
367 1421 418 1458 nec
432 1404 570 1468 concivis,
592 1419 643 1456 nec
655 1403 729 1457 vitae
739 1418 864 1466 consors,
887 1419 939 1456 ne-

133 1494 189 1548 que
199 1478 350 1532 aemulator
359 1478 467 1531 dicatur
474 1478 586 1550 proprie
595 1477 707 1551 sapiens
721 1494 784 1531 cum
798 1478 938 1548 insipien-

133 1563 174 1618 te,
197 1569 229 1606 eo
242 1552 317 1622 quod
330 1552 495 1623 principalis
510 1553 569 1607 dux
584 1571 638 1608 non
652 1552 798 1609 concordat
811 1553 856 1609 vel
869 1571 938 1609 con-

134 1627 210 1682 venit
220 1627 249 1680 in
258 1633 350 1680 mente
359 1627 443 1681 unius
455 1626 634 1700 alteriusque.

189 1782 269 1841 'Quid
285 1793 320 1834 est
337 1783 427 1847 „Date
445 1785 504 1836 milti
512 1786 684 1850 possessionem
700 1787 813 1851 sepulcri,
844 1796 867 1835 et

237 1851 349 1915 sepeliam
367 1861 480 1902 manuum
496 1870 570 1903 meum
588 1864 644 1904 ante
666 1857 744 1903 me‘lt
770 1855 829 1916 (ib.)

188 1946 232 1999 75.
253 1945 355 2000 Littera
372 1946 517 2002 manifesta
535 1955 577 2002 est
589 1965 621 2002 ac
635 1956 708 2003 nota.
748 1947 827 2015 Quod
842 1957 935 2003 autem

133 2020 167 2074 ad
178 2027 298 2074 mentem
308 2021 440 2092 pertinet,
463 2022 609 2095 allegorice
623 2022 791 2078 indicemus.
830 2025 936 2078 Huius-

132 2094 207 2149 modi
218 2112 282 2168 ergo
293 2102 348 2151 est:
366 2093 402 2170 [*]
414 2095 551 2163 Quantum
562 2097 687 2164 videtur,
708 2116 763 2153 non
773 2099 935 2170 sepulcrum

131 2170 754 2245 quaeritSapiens-sepulorumenimcorpus
762 2182 805 2228 est
813 2174 932 2239 animae,

131 2261 202 2316 quae
216 2245 246 2299 in
262 2263 293 2300 eo
304 2246 412 2318 sepulta
423 2254 463 2301 est
478 2247 556 2302 velut
568 2248 598 2301 in
608 2249 736 2320 sepulcro
745 2279 796 2314 -,
813 2248 862 2302 sed
871 2267 934 2317 pos·

130 2325 406 2388 accommodari,
425 2322 612 2394 principatum
621 2323 753 2380 videlicet
762 2322 935 2378 dominium-

130 2411 186 2466 que
200 2412 284 2467 super
299 2395 381 2451 illud.
420 2398 546 2469 Namque
563 2397 706 2464 dominus,
725 2399 777 2464 ait,
799 2398 934 2470 deinceps

132 2469 219 2526 lactus
234 2471 360 2527 inveniar
378 2478 405 2526 et
418 2473 557 2545 accipiens
570 2475 771 2545 principatum,
797 2490 852 2527 non
867 2490 933 2528 vero

130 2545 272 2602 subiectus
287 2547 469 2619 principatui,
491 2565 545 2603 non
560 2549 694 2620 amplius,
715 2548 789 2603 sicut
801 2548 859 2602 illis
869 2557 935 2603 ante

130 2623 315 2694 contingebat,
335 2622 468 2686 dixerim,
490 2623 571 2694 quasi
587 2640 652 2679 vero
666 2622 798 2694 sepeliar,
820 2621 870 2678 sed
881 2639 933 2694 po-

130 2694 185 2748 tius
196 2697 328 2768 sepeliam
338 2697 435 2772 procul
446 2714 461 2753 a
471 2714 526 2754 me.

999 289 1000 352 t

999 361 1001 430 l

1000 433 1002 496 t
