2050 3100
34 259 151 329 [n,⁵ae.]
350 266 399 311 un
423 266 525 313 verva.
783 261 834 316 εῖτ

34 384 121 423 causa
130 365 214 422 huius
221 364 372 437 procellae,
390 382 448 420 sors
459 373 612 421 accusatte.
638 368 832 424 Ncsveronou

34 440 164 506 caedem,
184 441 309 505 ohomo,
330 456 420 513 neque
435 442 507 496 sicut
522 440 647 496 homines
661 452 780 515 agrestes
798 459 834 499 ex

34 526 147 580 natura,
168 516 382 571 internecionem
395 514 516 570 hominis
530 516 625 572 videre
638 516 775 573 sitibundi
785 536 833 573 su·

33 610 113 656 mus,
133 590 182 646 sed
193 592 354 661 apraesenti
365 590 437 645 malo
447 608 495 647 nos
506 591 693 647 circumdante
704 593 833 648 volumus

35 667 134 731 eximi.
174 664 204 720 Si
215 666 307 737 itaque
317 665 376 720 fieri
387 671 489 737 potest,
511 674 542 720 ut
555 675 586 721 tu
598 676 684 721 ctnos
694 667 833 723 interram

35 742 108 796 salvi
122 742 315 812 perveniamus
330 741 395 795 nevi
409 739 542 795 incolumi
556 742 692 813 nobisque
704 744 830 807 servatis,

35 815 194 873 nullatenus
204 814 354 869 invidenda
365 822 407 870 est
416 814 534 869 humana
546 817 603 871 vita
618 819 658 882 ci,
679 818 728 889 qui
743 818 832 873 nemi-

33 892 65 945 ni
76 897 155 945 nocet
165 888 198 963 (s.
210 888 329 944 humana
339 890 397 945 vita
407 890 511 944 nemini
522 891 644 964 nocens).
676 892 726 946 Sin
740 902 832 948 autem

33 976 62 1020 te
76 966 188 1020 vivente
208 982 257 1019 nos
272 980 383 1019 necesse
397 965 434 1020 sit
447 966 530 1028 mori,
551 966 700 1020 multorum
714 968 831 1024 salutem

32 1056 101 1112 prae
123 1040 208 1094 unius
232 1049 318 1095 morte
340 1040 488 1111 pretiosam
510 1040 667 1095 existimare
686 1040 830 1097 debemus.
891 1065 894 1069 ’

33 1118 130 1171 Testes
145 1122 235 1168 autern
250 1124 327 1178 sunt,
349 1114 423 1185 quod
437 1132 522 1185 supra
535 1130 584 1168 nos
598 1124 640 1169 est
657 1116 763 1170 eaelum
780 1116 831 1171 ob-

32 1206 149 1245 scurum
168 1197 194 1243 et
213 1189 340 1244 amabilis
358 1197 429 1245 terra
447 1198 474 1244 et
492 1190 682 1261 pavimentum
700 1190 828 1263 suum*);

32 1271 149 1320 testatur
160 1271 187 1318 et
196 1266 280 1319 maris
290 1273 395 1329 natura,
407 1280 477 1335 quae
488 1262 599 1338 hiemen
607 1264 679 1318 hanc
688 1275 771 1336 super
781 1281 831 1319 nos

32 1334 189 1395 suscitavit.
233 1337 321 1410 Atque
340 1347 470 1411 urgentes
489 1338 601 1394 illorum
619 1355 763 1393 aerumnas
781 1340 832 1410 qui

31 1414 128 1470 traditi
143 1414 172 1468 in
185 1414 266 1469 istam
281 1413 399 1469 hiemem
414 1420 491 1478 sunt,
513 1413 635 1478 attende,
657 1413 830 1485 quianouob

33 1488 172 1545 latrocinii
188 1489 451 1561 inhumanitatisque
465 1504 554 1543 mores
569 1487 604 1543 de
618 1489 683 1543 navi
697 1497 723 1544 te
738 1489 832 1544 reiici-

32 1583 96 1619 mus
107 1581 197 1638 neque
208 1574 300 1620 contra
312 1562 349 1640 [Ἴ
358 1563 410 1619 hoc
419 1581 489 1620 onus
498 1565 683 1637 insurgimus:
695 1565 745 1620 sed
753 1567 828 1637 quia,

31 1647 181 1714 postquam
195 1656 244 1695 nos
258 1657 293 1696 ex
302 1639 458 1696 adversaria
470 1639 615 1711 alienaque
625 1657 708 1694 manu
719 1641 831 1713 (pirata-

31 1716 105 1789 rum)
119 1714 257 1788 fugientes
272 1715 366 1770 vivere
381 1714 575 1780 credebamus,
598 1722 711 1771 mortem
725 1718 754 1771 in
765 1719 830 1772 navi

31 1793 95 1863 ipsa
109 1791 167 1862 pati
181 1791 306 1864 cogimur
319 1807 431 1862 gravem
441 1809 472 1844 ac
482 1792 625 1855 miseram,
646 1809 730 1862 quam
739 1801 829 1847 tamen

31 1874 268 1938 nonanusparat,
303 1864 472 1921 Omirabilis
482 1864 604 1940 (vir)**),
618 1883 673 1922 non
683 1866 735 1922 fert
743 1875 770 1923 te
779 1865 835 1922 na?

31 1941 77 1994 vis
88 1948 192 2008 nostra3
214 1941 243 1995 in
254 1942 381 2012 quamvis
392 1941 474 2014 aliam
484 1939 601 1997 transfer
610 1950 650 2007 te,
671 1950 699 1998 et
711 1943 763 1998 erit
777 1943 829 1998 tibi

31 2016 90 2070 vita
101 2015 216 2072 abeunti
230 2033 265 2070 er
278 2014 329 2070 hac
339 2017 418 2080 navi,
440 2024 466 2070 et
477 2015 628 2072 fortunatus
638 2016 751 2090 (melium
773 2015 830 2072 sor·

30 2099 116 2146 tunae
126 2090 218 2163 causa)
224 2091 252 2144 in
264 2089 317 2158 alia
327 2091 401 2156 navi,
414 2107 496 2162 quam
508 2091 648 2156 ascendas,
661 2093 728 2160 aris;
740 2109 829 2163 quou-

31 2167 87 2220 iam
99 2164 180 2219 nobis
189 2182 243 2220 non
252 2182 381 2237 prospere
391 2165 542 2230 advenisti,
553 2173 580 2221 et
590 2167 704 2240 angelus
714 2166 828 2238 quidam

31 2239 127 2313 abyssi
138 2239 182 2294 vel
194 2239 316 2294 fortassis
327 2249 420 2312 mutus
430 2247 506 2296 cetus
521 2241 573 2294 tibi
588 2251 679 2296 servet
693 2242 826 2295 animam:

30 2332 84 2370 nec
99 2315 152 2380 tibi
166 2316 331 2372 contumelia
344 2316 424 2382 navis
434 2323 541 2370 nostrae
551 2317 580 2370 in
590 2315 772 2388 perditionem
782 2315 829 2371 fiet

31 2407 124 2462 neque
134 2389 215 2444 nobis
225 2387 402 2461 opprobrium
414 2399 475 2445 tuae
487 2389 594 2447 animae
602 2407 675 2445 mors
685 2391 746 2445 erit.
784 2389 828 2444 Ad

29 2464 502 2538 haecresponsumaviroexigunt.

88 2588 129 2640 ⁴3.
154 2585 295 2640 Humanas
313 2593 402 2641 autem
416 2585 465 2641 ille
479 2585 580 2657 deique
599 2582 719 2646 auditor,
740 2599 826 2653 quum

80 2727 104 2773 ¹)
126 2721 233 2775 Scriptum
245 2727 314 2774 (atina,
338 2728 392 2766 rorte
405 2728 478 2766 maris.
504 2725 584 2764 Ancb

28 2771 340 2876 profflwbbibsvgtcumque
356 2779 398 2819 boc
413 2777 482 2825 spado
500 2775 615 2834 murrae,
637 2781 722 2815 tensum
739 2781 782 2811 non
793 2773 825 2812 ita
