2050 3100
150 150 198 201 eto
278 153 375 198 eum.
390 149 463 197 suu.
478 150 640 207 Qunusu.
654 150 703 195 ss
721 150 799 196 sou.
833 141 875 211 [11,
886 147 945 211 aas]

148 254 205 327 gis:
228 254 362 324 seriptum
380 252 584 315 observantiae,
607 250 728 305 deletum
747 266 812 307 vero
827 251 946 307 dissolu·

149 328 245 395 tionis;
277 327 416 399 siquidem
438 326 617 399 transgressis
636 328 792 399 praeseptis
816 328 947 383 veraciter

148 403 256 458 dicatur
266 416 417 473 numquam
427 402 518 475 legem
529 401 626 456 fuisse.

351 558 383 608 se·
398 559 455 608 deus
473 559 546 624 leqsm
562 558 669 607 scribat?
685 558 746 620 (ib.)

204 673 246 725 tu.
272 668 407 737 Quoniam
423 672 564 744 legislator
574 670 728 727 seeundum
736 688 897 743 supremam
906 688 947 725 ra-

147 747 250 801 tionem
264 745 333 800 deus
348 756 402 811 est,
423 764 537 801 necesse
551 755 593 802 est
605 749 738 819 optimam
752 747 857 820 legem,
878 763 947 817 quae
1011 765 1012 792 1

147 831 174 877 et
188 820 346 876 infallibilis
362 822 407 877 lex
421 830 548 885 vocetur,
569 822 604 876 ab
613 823 738 877 eostatui
749 830 775 877 et
785 822 872 876 scribi
883 822 948 876 oha—
1011 839 1012 884 j

147 896 313 961 raeteribus,
335 914 389 952 non
405 914 538 953 manuum
551 928 589 939 -
602 914 653 952 nee
667 900 742 952 enim
755 896 895 951 humanae
908 906 947 951 est
1011 901 1012 908 ’

148 970 250 1027 formae
267 1002 317 1036 -,
339 972 389 1027 sed
406 972 561 1027 seeundum
579 974 640 1027 eius
660 974 768 1027 iussum
788 988 820 1026 ae
838 981 946 1027 nutum.
1011 953 1012 1038 i

148 1047 294 1119 Siquidem
304 1048 329 1102 si
337 1049 405 1103 olim
416 1049 467 1103 deo
481 1048 590 1103 dicente
601 1048 708 1102 eaelum
718 1054 824 1102 etterra
834 1048 947 1123 uniuer-

147 1140 251 1194 susque
260 1123 381 1178 mundus
391 1123 544 1187 creabatur,
555 1123 741 1193 universaque
750 1140 844 1178 rerum
853 1139 948 1177 essen·
1011 1147 1012 1224 q

146 1199 185 1253 tia
195 1217 210 1253 a
220 1198 305 1253 verbo
315 1198 412 1253 divino
426 1198 532 1253 efficaci
547 1196 663 1252 sormam
676 1199 792 1269 recepit,
814 1214 892 1252 nuno
905 1197 947 1251 di·
1011 1229 1012 1304 q

90 1290 93 1297 ·
147 1282 225 1329 cente
238 1276 297 1345 ipse
307 1274 372 1339 deo,
384 1283 415 1328 ut
425 1275 471 1330 lex
481 1281 617 1337 exoretur,
629 1290 719 1327 nonne
728 1273 821 1329 statim
830 1272 946 1343 obsequi
1011 1315 1012 1320 κ

146 1348 229 1403 debet
244 1348 333 1403 liber?
362 1346 489 1403 Secundo
503 1363 603 1421 magna
612 1357 652 1403 est
662 1346 782 1402 mundus
795 1344 832 1421 [¹⁶]
844 1348 898 1402 iste
908 1350 947 1401 ei·
1011 1339 1012 1404 ζ

146 1424 231 1486 vitas,
244 1441 275 1477 ee
287 1423 425 1495 legitima:
452 1438 566 1478 necesse
577 1432 618 1478 est
628 1432 719 1477 autem
728 1422 809 1477 istam
818 1422 948 1493 politione-
1011 1431 1012 1436 ’

146 1498 254 1552 meliori
266 1498 391 1570 legenti,
411 1506 494 1571 atque
504 1514 624 1570 aequum
633 1505 674 1554 est
683 1506 711 1554 et
720 1498 902 1563 couveniens,
918 1506 948 1553 ut

146 1574 226 1626 sitsi
244 1572 384 1644 legislator
402 1589 433 1628 ee
452 1574 612 1646 legisdator.
650 1575 684 1629 Et
701 1591 788 1648 quum
806 1573 945 1629 hominem
1011 1624 1012 1631 ,

146 1648 222 1719 genti
232 1645 461 1718 contemplativae
472 1648 563 1720 legem
574 1649 665 1713 daret,
684 1649 761 1703 daret
771 1663 883 1722 quoque
892 1651 945 1720 ipsi
1011 1644 1012 1717 ἦ

146 1721 258 1776 mundo.
298 1721 472 1776 Praesentem
487 1739 553 1794 ergo
567 1723 658 1797 legem
671 1725 789 1796 imponit
802 1723 846 1778 illi
860 1725 944 1796 genti¹
1011 1724 1012 1807 i

147 1796 383 1851 delineassetiam
394 1797 484 1870 legem
493 1797 605 1865 mundi3
623 1798 947 1872 quiegenseieotamun-
1011 1812 1012 1851 t

147 1873 175 1925 di
186 1880 227 1926 est
237 1871 322 1926 torma
332 1879 359 1931 et
371 1872 417 1926 lex
427 1889 477 1926 sua
489 1872 600 1945 legibus
609 1874 767 1930 mundanis.
1011 1868 1012 1873 ¹

1011 1990 1012 2015 i

167 2035 247 2101 Quaere
264 2037 327 2086 solus
344 2032 427 2088 Moses
444 2039 584 2103 accersitus,
603 2056 649 2089 nott
666 2039 730 2089 solus
745 2036 866 2104 escendit,
888 2041 932 2090 ssd
1011 2018 1012 2049 ¹

384 2123 434 2154 cum
451 2105 554 2172 lew).⁹
580 2109 633 2171 (24,
654 2109 706 2168 13.)

203 2210 244 2262 te.
270 2208 376 2262 Virtute
390 2217 540 2280 utrumque
554 2227 642 2264 unum
659 2219 713 2278 est3
746 2209 849 2264 etenim
866 2225 947 2263 nemo
1011 2196 1012 2267 i

147 2293 201 2347 est,
222 2283 271 2354 qui
287 2283 412 2338 eundem·
421 2285 511 2340 solum
525 2285 628 2340 dixerit
640 2285 696 2339 sibi
710 2284 831 2339 invicem
846 2285 946 2337 unani·
1011 2288 1012 2361 q

146 2377 205 2414 mes
216 2376 248 2414 ee
257 2358 417 2424 concordas,
429 2362 618 2416 verumetiam
627 2359 781 2416 seeundum
791 2359 947 2428 aliamspe-
1011 2374 1012 2433 ζ

147 2435 228 2502 ciem.
267 2434 402 2502 Quoniam
416 2435 807 2508 interpretaturietesseius3
829 2434 944 2488 salutem

197 2612 218 2658 ¹¹)
231 2613 290 2651 Iesus
304 2615 339 2654 vei
351 2614 423 2653 Hesus.
450 2611 485 2652 Sto
498 2612 580 2662 passim
592 2619 631 2658 pro
643 2610 705 2649 losse
718 2609 784 2649 habet
800 2607 860 2648 Arm.
879 2608 945 2646 teter-

147 2669 195 2706 pres
209 2663 314 2704 Philonis:
343 2667 366 2705 in
382 2665 459 2704 Bibliis
477 2668 548 2703 autem
565 2662 631 2701 saeris
648 2671 732 2708 semper
748 2660 840 2699 hebetur
856 2659 911 2698 less
925 2669 943 2697 s.

146 2709 220 2750 tresue.
248 2713 409 2756 Salvatorvero
423 2713 568 2754 nosternrm.
583 2711 661 2759 ubique
675 2711 753 2750 dieitur
765 2711 838 2750 Risus
865 2709 943 2748 Anah.
