2050 3100
84 283 197 351 [risten]
275 288 316 334 IN
335 287 507 334 EXODUlll.
529 288 657 334 SERMO
675 289 697 334 1.
773 303 776 307 ·
836 283 886 336 307

84 389 192 445 decima
212 387 279 460 (die)
300 387 400 460 vigens
418 388 448 443 in
469 388 631 444 collectione
649 386 778 443 sensibili
801 387 836 460 (s.
856 390 886 443 in

82 481 167 519 sensu
182 460 290 534 populi)
304 462 381 534 pleni
395 471 436 518 est
455 464 584 529 luminis3
616 471 698 533 atque
716 465 817 519 iterum
836 481 887 535 per

83 539 221 594 decimam
229 546 357 610 quartam
368 537 567 609 aplenitudine
578 537 692 592 luminis
702 538 731 592 in
744 538 887 593 collectio-

82 631 146 668 nem
166 611 280 667 reducta
300 611 470 666 deminuitur
489 629 523 667 eo
544 612 634 684 magis
655 629 740 683 quam
762 614 887 668 anterius

82 687 231 743 sabbatum
245 687 358 750 crescit,
381 693 407 742 et
421 695 557 757 quantum
569 703 602 740 se
615 686 736 742 habebat
750 697 776 743 et
786 704 886 742 seeun-

82 763 151 818 dum
162 761 198 816 ad
207 763 329 833 primum
340 759 374 832 (s.
386 760 541 833 unitatem).
580 759 671 826 Quare
683 763 767 816 etiam
777 761 886 834 praeie-

81 839 155 891 stiva
174 835 207 908 (s.
223 834 408 909 progressiva)
426 843 468 890 est
486 835 595 889 decima
613 844 723 906 quarta,
745 845 886 908 tamquam

80 912 129 966 via
148 911 285 982 quaedam
308 909 343 965 ad
363 908 477 971 festivas
496 909 653 964 conducens
673 910 805 976 laetitias,
837 928 886 982 per

80 1001 152 1058 quas
167 986 287 1057 cogitare
302 982 377 1056 apud
392 999 443 1039 nos
457 992 498 1039 est
512 983 546 1056 (s.
561 984 707 1058 consistit).

95 1133 134 1183 nr
151 1132 336 1196 „tamarica
356 1132 402 1195 aa,
422 1128 532 1196 „fruar
548 1133 622 1182 aaa
637 1093 788 1181 aarum«.
808 1133 868 1194 (ra.)

140 1237 181 1288 10.
192 1231 328 1298 Quoniam
339 1233 392 1288 alio
402 1231 525 1307 tempore
534 1251 570 1288 ex
578 1231 691 1305 populis
700 1231 782 1286 electi
792 1234 885 1302 quoti-

78 1307 158 1363 diani
169 1307 324 1381 sacerdotes
335 1307 509 1388 ordinatique
520 1308 555 1363 ad
563 1305 789 1370 immolationem,
800 1322 885 1376 opera

78 1384 158 1447 data,
181 1389 300 1438 mactant
319 1382 467 1447 sacrificia,
492 1384 522 1437 in
540 1381 678 1454 praesenti
700 1397 766 1435 vero
782 1377 818 1454 [⁴⁵]
834 1397 885 1452 pa-

78 1457 177 1512 schate
186 1458 325 1513 nominato
335 1458 484 1513 universus
495 1457 616 1529 populus
630 1455 783 1510 sacerdotio
797 1455 890 1514 hono„

78 1540 155 1587 ratus
171 1539 225 1599 est,
258 1548 353 1588 omnes
368 1534 443 1588 enim
457 1550 507 1604 per
522 1551 551 1587 se
561 1538 696 1605 peragunt
705 1529 883 1586 sacrificium.

77 1604 189 1674 Quare?
217 1605 287 1672 Quia
302 1624 376 1663 nunc
388 1609 511 1679 primum
526 1607 688 1662 huiusmodi
702 1606 808 1662 hostiae
828 1607 885 1661 ini-

76 1684 150 1737 tium
166 1680 269 1736 iactum
285 1689 340 1747 est,
361 1681 484 1737 nondum
498 1682 604 1737 Levitis
618 1682 784 1737 consecratis
799 1683 828 1736 in
838 1698 884 1736 sa·

77 1756 249 1820 cerdotium,
269 1773 302 1811 eo
315 1756 390 1829 quod
404 1756 524 1811 necdum
533 1756 669 1827 templum
679 1756 821 1811 conditum
831 1756 885 1810 ali-

77 1830 145 1887 cubi
156 1838 215 1885 erat
225 1830 269 1887 vel
280 1848 336 1887 ara.
376 1831 504 1887 Secundo
520 1824 625 1896 intem,
647 1830 739 1886 omnia
752 1830 787 1885 ad
798 1831 884 1885 liber-

76 1914 163 1961 tatem
174 1903 309 1960 reducens
319 1906 381 1977 ipse
391 1905 467 1961 solus
477 1905 610 1968 salvator,
627 1922 714 1978 aeque
723 1905 823 1978 dignos
836 1922 884 1961 eos

76 1978 185 2043 effecit,
201 1986 232 2034 ut
242 1981 314 2035 sicut
325 1979 473 2045 libertatis,
491 1980 532 2036 sic
541 1996 652 2052 quoque
662 1980 808 2035 sacerdotii
819 1998 884 2052 par-

76 2055 180 2126 ticipes
200 2053 309 2119 fierent,
334 2056 491 2110 testimonio
511 2054 574 2110 dato
593 2071 643 2127 pro
657 2055 766 2127 aequali
781 2056 883 2128 pietate

76 2128 205 2184 omnium
217 2128 342 2184 eiusdem
352 2130 476 2202 generis,
499 2130 572 2187 sicut
582 2128 880 2203 etdegyptiosomnes‚

77 2212 108 2258 ut
117 2202 190 2257 mihi
201 2202 325 2269 videtur,
346 2221 443 2260 vereor
453 2213 595 2275 tamquam
605 2221 692 2275 aeque
703 2205 819 2276 impios,
838 2206 883 2259 in·

77 2276 190 2351 dignos,
201 2275 416 2350 immundosque
426 2279 611 2334 arbitrabatur
620 2278 754 2334 obnoxios
765 2297 825 2335 esse
835 2296 883 2334 ca-

76 2351 231 2425 stigationi.
271 2352 331 2409 Non
342 2354 416 2408 enim
425 2353 522 2409 eadem
534 2353 744 2417 sustinuissent,
766 2356 823 2409 nisi
835 2371 883 2409 eo-

77 2425 197 2481 rundem
211 2426 252 2481 rei
265 2425 384 2483 luissent
393 2427 557 2484 delictorum
567 2444 657 2483 coram
668 2435 745 2499 patre
755 2430 821 2482 etin
831 2430 882 2482 tri-

76 2499 176 2555 bunali
190 2501 313 2556 iustitiae
327 2503 398 2557 eius.
438 2502 512 2558 lllud
526 2519 592 2574 ergo
604 2510 715 2573 tempus
724 2503 754 2555 in
764 2509 882 2572 utraque

77 2584 159 2645 gente
169 2574 396 2647 populatissima,
413 2576 582 2651 Aegyptiam
596 2585 624 2631 et
637 2575 784 2639 Hebraico,
801 2592 882 2646 prae-

76 2648 140 2704 tulit
151 2648 362 2721 aequalitatem,
384 2652 413 2706 in
424 2669 478 2707 una
493 2651 659 2722 impietatis,
681 2650 711 2702 in
722 2648 808 2703 altera
819 2650 882 2720 pie·

76 2724 141 2779 tatis
160 2724 366 2795 aequalitatem.
406 2727 496 2782 Tertio
516 2726 648 2796 quoniam
663 2723 798 2793 templum
810 2740 882 2778 ncn-

76 2797 143 2855 dum
155 2806 215 2855 erat
228 2798 417 2899 aedificatum,
439 2799 614 2874 singulorum
624 2798 758 2919 boiorum
767 2797 882 2853 cohabi-
