2050 3100
52 244 209 314 [allant]
227 250 277 295 DE
296 248 574 296 PROVIDENTIA
592 250 720 298 sunnio
739 252 770 298 Π.
811 248 854 300 fif

115 354 173 405 tto.
198 351 281 406 Porro
293 357 399 417 certum
414 358 598 423 constansque
613 362 804 425 argumentum
820 351 856 429 [Ἴ

52 428 122 499 quis
132 426 248 496 accipiet
255 443 294 479 ex
303 425 356 481 hoc
364 442 490 497 qnoque,
510 426 586 497 quod
599 428 770 499 quicumque
785 430 860 500 'vigi-
931 466 935 475 .

52 504 99 559 les
108 509 174 556 sunt
183 509 210 556 et
223 500 331 565 sobrii,
345 501 528 572 sapientiores
542 510 617 557 sunt,
655 502 710 568 Qui
722 519 787 557 vero
796 504 859 558 cibo

52 586 83 633 et
97 584 166 648 potu
179 576 326 631 confertim
339 591 402 630 sese
415 577 602 649 ingurgitant,
626 578 704 633 nullo
718 576 799 633 modo
814 596 860 633 sa·

51 655 165 724 pientes
183 659 261 715 sunt,
282 652 365 722 quasi
382 650 593 724 submergentes
611 669 661 724 per
681 653 758 708 cibos
778 655 859 725 inge-

51 728 147 782 nium.
176 728 270 797 ltaque
280 726 353 780 inter
362 734 472 797 gentem
481 726 627 782 barbaram
636 730 784 788 crassiores
793 729 859 799 qui-

48 802 121 855 dem
132 800 253 857 evadunt
263 802 332 855 rami
347 802 477 855 alimento
491 803 602 872 optimi,
622 812 650 857 et
664 804 793 859 caudices
805 804 859 858 ob·

52 877 209 949 longiores,
231 875 486 947 atquemrmalrum
495 878 697 931 irrationalium
707 888 858 951 megnaest

52 951 241 1019 foecunditas,
257 968 335 1005 mens
345 959 436 1006 tamen
444 966 584 1021 nusquam
594 953 715 1006 nascitur
725 953 761 1008 ob
773 952 859 1025 frige·

49 1027 202 1083 factionem
211 1026 442 1099 gelationemque,
453 1027 585 1096 quoniam
595 1028 648 1089 aer,
662 1034 858 1097 terraetaquac

48 1106 82 1158 in
94 1117 179 1157 causa
188 1109 254 1156 sunt
262 1100 362 1165 simul,
382 1108 410 1155 et
421 1100 579 1170 frequentes
590 1100 778 1155 exhalationes
789 1101 858 1155 den-

48 1186 129 1233 satae
137 1178 355 1248 supereminent.
385 1175 507 1229 Piscium
518 1183 609 1229 autem
618 1176 787 1229 morinorum
798 1174 856 1246 (Gr.

52 1263 81 1309 et
97 1251 202 1325 avium)
217 1260 243 1307 et
256 1252 433 1306 terrestrium>
442 1265 544 1322 genera
555 1250 718 1303 animalium
728 1265 783 1303 non
793 1258 858 1303 sunt

49 1327 283 1400 reprehensiones
296 1333 423 1389 naturae,
444 1324 525 1395 quasi
539 1342 588 1379 nos
599 1326 628 1377 in
638 1324 781 1395 cupidinis
790 1340 857 1377 con-

51 1401 307 1476 tagiumalliciant;
338 1400 388 1455 sed
397 1400 537 1455 accusatio
547 1407 654 1454 nostrae
671 1399 857 1471 intemperan-

50 1480 109 1534 tiae
123 1474 214 1532 danda
229 1485 271 1531 est
284 1476 387 1547 potius.
426 1476 544 1530 Necesse
560 1476 634 1528 enim
648 1481 705 1529 erat
719 1472 753 1529 ad
772 1474 857 1529 totius

50 1554 179 1609 universi
192 1551 403 1627 perfectionem,
425 1559 456 1606 ut
469 1550 590 1606 mundus
606 1551 682 1604 varia
696 1566 798 1622 genera
807 1567 857 1623 ge-

50 1637 162 1684 neraret
175 1628 337 1683 animalium
351 1627 489 1693 omnium3
521 1643 576 1681 non
591 1634 749 1681 erattamen
760 1643 857 1681 neces-

50 1704 172 1768 sarium,
193 1701 269 1758 utin
284 1703 400 1757 istorum
413 1701 531 1756 irrueret
545 1701 702 1756 fruitionem
722 1701 785 1766 ille,
806 1701 856 1772 qui

50 1780 206 1852 sapientiae
215 1786 257 1833 est
267 1777 410 1848 proximus
420 1777 515 1843 homo,
538 1777 744 1833 transmutando
755 1793 815 1832 sese
826 1777 855 1831 in

52 1863 191 1928 agrestem
199 1852 478 1907 moremhestiarum,

113 1983 170 2034 tlt.
193 1977 284 2045 Quare
299 1979 450 2037 etiamnum
462 1978 568 2050 quibus
581 1981 779 2049 temperantiae
788 1978 856 2034 soli·

50 2055 105 2110 dae
114 2055 279 2119 raticinest,
289 2055 403 2108 omnino
415 2053 449 2107 ab
459 2053 589 2110 omnibus
603 2051 639 2128 [³¹⁶]
650 2053 798 2118 abstinent,
809 2055 856 2109 ui·

49 2129 163 2186 ridibus
187 2129 283 2184 herbis
305 2129 498 2200 fructibusque
522 2127 652 2184 arborum
675 2129 796 2185 contenti
820 2128 855 2182 ad

48 2223 136 2260 usum
150 2213 269 2278 gratum.
308 2205 356 2258 Eis
371 2211 476 2267 autern,
498 2204 548 2274 qui
561 2203 764 2274 praedictorum
778 2202 856 2256 cibo-

48 2298 114 2336 rum
124 2279 286 2335 fruitionem
296 2279 374 2333 iuxta
388 2287 513 2332 naturam
530 2293 590 2331 esse
604 2285 784 2339 censuerunt,
806 2292 855 2330 su-

47 2363 237 2428 persteterunt
248 2354 386 2427 magistri,
398 2354 581 2407 instructores
591 2359 617 2406 et
628 2350 797 2424 legislatores
810 2367 855 2404 se-

48 2430 176 2487 cundum
193 2429 319 2484 civitates
332 2427 481 2501 diligenter
493 2427 642 2489 instantes,
663 2434 694 2480 ut
709 2441 854 2480 excessum

48 2505 216 2579 cupiditatis
241 2504 415 2567 cohiberent,
445 2515 537 2572 neque
553 2501 745 2572 permitterent
764 2501 856 2555 omni-

47 2582 104 2637 bus
120 2581 214 2637 omnia
227 2577 316 2635 libere
332 2595 363 2633 ac
376 2576 487 2632 mixtim
500 2591 646 2649 usurpare¹

107 2711 168 2763 trs.
194 2707 271 2761 Viola
286 2721 354 2760 vero
367 2713 395 2758 et
404 2720 468 2757 rosa
477 2719 630 2773 crocusque
640 2709 721 2771 atque
733 2711 854 2758 caeterae

46 2784 150 2839 florum
161 2783 306 2838 varietates
317 2780 352 2835 ad
365 2777 566 2842 valetudinem,
587 2794 640 2832 non
651 2792 717 2831 uero
729 2777 764 2832 ad
774 2777 855 2834 volu·
