2050 3100
149 177 199 230 aee
277 143 374 227 rum.
394 178 468 225 run.
488 178 649 237 Quaaar.
669 178 719 225 ur
739 159 818 224 sot.
845 173 958 240 mair]

148 279 263 335 inferior
277 295 349 350 aqua
361 288 416 343 est,
437 281 499 334 inre
513 280 598 334 etiam
611 283 640 333 tn
654 283 779 349 interiore
789 288 868 347 parte
877 283 960 335 subu-

149 358 224 412 culec
233 357 491 423 lleeramalipunici
499 364 545 409 cat.
583 354 645 407 Flos
659 361 751 408 autem
766 354 833 407 mali
846 354 957 425 punici,

149 438 181 485 ut
199 428 433 483 nomenclaturam
451 428 557 483 habens
576 425 708 481 flexionis
727 428 809 483 modo
830 426 905 503 (ῥοιά
923 445 960 483 ex

150 502 225 579 piel:
264 502 340 573 qued
360 511 452 557 autem
472 502 612 574 imprimis
631 500 739 557 fluxum
757 519 824 573 prae
844 519 876 557 se
895 502 966 565 ferte

150 577 285 649 quidnam
299 585 341 631 est
356 576 434 633 aliud
447 594 533 649 quam
548 576 637 649 aquai

173 723 254 782 (ἔκανε
270 725 339 775 iuxta
353 726 459 790 &were
475 726 534 775 mali
546 726 631 791 panim
646 724 852 788 „tintinnabulum
861 727 938 788 flori·

357 793 436 843 eume
453 793 600 843 semdae
622 794 676 857 (ee,
691 792 747 856 ae.)

210 897 268 951 ⁴20.
293 894 405 950 Notavit
418 896 558 966 imprimis
574 894 681 949 caelum
693 910 743 965 per
752 909 814 948 oras
825 900 853 947 et
861 900 958 963 pecto-

149 970 189 1023 ris
199 978 400 1035 ornamentum,
411 970 487 1041 quod
496 970 634 1040 pectorale
645 970 812 1035 nominavit3
835 984 958 1038 sequen·

149 1046 187 1099 tia
194 1043 295 1109 autem
307 1053 338 1100 ut
349 1047 469 1117 seraper
479 1044 621 1115 duplicem
633 1043 859 1117 hyacinthinum
877 1042 958 1097 dein-

149 1118 185 1175 de
196 1138 295 1191 aquam
306 1120 367 1175 aere
377 1119 536 1175 inferiorem
546 1137 596 1191 per
607 1119 765 1193 symbolum
777 1121 879 1187 fiquree
893 1120 959 1171 meli

147 1201 250 1264 punici.
289 1196 369 1250 Nunc
384 1204 474 1250 autem
491 1192 526 1249 ad
540 1194 617 1249 illam
637 1194 703 1248 mali
722 1192 819 1265 punici
840 1190 957 1247 formam

150 1269 220 1324 dicit
229 1274 363 1337 flendam,
381 1270 503 1343 figurans
512 1276 627 1337 terram;
660 1269 726 1340 quia
736 1266 829 1322 omnia
839 1266 875 1321 de
886 1275 957 1321 terra

149 1341 298 1401 florescunt
311 1362 342 1400 ac
355 1348 521 1418 germinant.
564 1346 776 1399 Tinticnebulum
791 1350 884 1396 autem
899 1359 958 1396 me-

150 1418 215 1473 dius
231 1429 273 1474 est
286 1420 353 1475 ordo
367 1422 439 1475 inter
452 1420 519 1475 mali
534 1420 631 1491 punici
646 1418 761 1473 formam
777 1425 804 1471 et
818 1414 955 1481 floridam,

150 1494 325 1548 concordiam
352 1495 539 1551 subumbrans
570 1494 782 1550 elementorum:
823 1493 957 1564 quoniam

149 1569 211 1622 sine
231 1578 366 1624 concentu
384 1579 526 1640 tamquam
546 1570 675 1634 choreae,
701 1584 737 1624 ex
755 1567 870 1624 vocibus
892 1585 958 1624 oon-

148 1643 242 1698 trariis
261 1645 468 1698 consonantiam
488 1644 635 1701 edentibus
658 1641 694 1718 [*]
717 1643 957 1698 concinnationem

149 1717 248 1771 mundi
268 1718 459 1788 temperando,
484 1736 539 1773 non
559 1720 728 1791 suscepisset
746 1717 956 1790 perlectionem.

149 1791 252 1847 Verum
266 1793 351 1845 nimis
364 1801 490 1847 accurate
505 1793 592 1858 dixit,
613 1795 745 1866 quoniam
759 1801 878 1865 quatuor
893 1802 957 1848 sunt

150 1866 300 1930 elementa,
321 1866 541 1922 tintinnabulum
555 1871 705 1942 seiungens
722 1867 756 1923 ab
766 1869 831 1940 igne
842 1876 869 1922 et
880 1871 955 1923 abre:

149 1941 290 2012 siquidem
301 1957 356 1995 ase
367 1943 428 2013 ipso
438 1952 480 1998 est
490 1951 580 1998 motus
592 1944 713 2008 animae,
731 1951 762 1998 ut
771 1945 902 1998 convenit
913 1943 957 1996 di-

150 2032 221 2080 cere,
234 2017 356 2071 maxime
365 2019 519 2073 secundum
529 2018 710 2091 philosophos
721 2035 757 2073 ex
767 2017 831 2072 Stoa
842 2017 875 2090 (s.
883 2017 958 2072 Stoi-

150 2090 217 2164 cos).
257 2094 368 2147 Terram
384 2101 476 2149 autem
489 2102 590 2149 etcum
602 2110 673 2164 aqua
684 2093 791 2158 univit,
807 2094 875 2164 quia
885 2100 957 2148 terra

151 2174 178 2221 et
191 2183 261 2237 aqua
282 2176 347 2222 sunt
366 2186 467 2242 corpus
484 2169 597 2238 mundi;
632 2185 733 2240 corpus
754 2175 847 2223 autem
864 2169 958 2222 inani·

150 2258 195 2296 me
210 2251 292 2298 estet
309 2244 453 2300 immobile
470 2245 500 2298 in
520 2261 564 2309 se,
586 2241 662 2315 quod
681 2260 751 2315 opus
771 2242 893 2298 habebat
913 2260 957 2297 ra-

150 2317 234 2372 tionis
244 2317 337 2383 itlius,
353 2336 425 2391 quae
435 2319 589 2374 seeundum
601 2327 687 2373 artem
696 2319 833 2372 musicam
848 2319 877 2372 in
893 2317 957 2372 bar-

151 2393 271 2448 moniam
283 2393 427 2450 reduceret
436 2393 518 2458 illud,
533 2410 583 2465 pro
593 2392 739 2450 concordia
750 2392 955 2448 universorum.

255 2531 321 2589 Quid
336 2544 370 2583 cst
388 2534 501 2596 „lamina
519 2537 594 2582 auree
608 2537 713 2598 pura“t
730 2539 785 2599 (28,
798 2537 854 2598 86.)

208 2635 264 2686 tta.
287 2635 396 2687 Lemim
406 2623 464 2687 ¹tarn
475 2619 706 2691 constructionem
717 2636 802 2690 habet
811 2635 954 2698 subtilem,

149 2715 234 2769 quam
254 2705 439 2776 profunditate
459 2717 546 2776 caret;
581 2709 693 2765 videtur
709 2727 775 2783 ergo
794 2708 956 2782 superficies
