2050 3100
202 211 234 262 aa
427 211 611 259 earsours
634 209 770 256 runaut
915 207 948 274 [1,
962 209 1009 274 aa]

201 317 250 378 sit,
285 315 349 386 quis
371 315 475 368 iustus:
507 309 680 383 providentia
701 319 793 366 tamen
811 317 888 366 tenet
913 331 1009 369 arcem

200 390 346 453 scientiae,
368 387 443 443 haud
452 387 560 452 nescia,
580 402 651 458 quae
664 387 701 441 sit
710 387 865 442 certissima
875 388 1009 462 singulo

201 482 263 519 rum
273 467 340 519 vita.
378 464 427 517 llis
441 464 479 516 ita
492 475 523 516 se
536 460 703 516 habentibus
717 460 878 516 nullatenus
893 464 1010 535 vitupe-

201 556 262 593 rare
270 540 334 609 quis
343 544 501 608 praesumat
509 535 726 608 providentiam,
747 553 779 590 ac
789 536 813 589 si
823 537 887 590 sinc
898 538 1008 593 iudicio

202 611 449 684 comprehendente
462 627 690 683 unumquemque
703 609 831 665 adfinem
842 611 1005 674 adduxerit.

200 688 281 759 quasi
294 703 361 741 vero
369 685 495 758 singulos
503 687 565 740 sine
575 685 684 742 delectu
694 687 782 758 rapiat
792 686 969 757 ignoranter.

257 799 299 850 dt.
320 794 445 849 Attamen
459 795 484 849 si
498 795 582 849 etiam
597 795 664 849 iusti
680 809 743 848 eum
759 793 855 866 impiis
873 793 923 925 [Ἰ
931 799 1006 868 peri-

201 879 274 936 rent,
295 878 376 942 atque
391 870 443 925 hoc
457 871 522 941 quis
536 870 607 925 tueri
623 868 720 933 vellet,
745 868 808 923 licet
828 887 897 924 non.
927 873 1004 927 abeat

200 964 265 1018 prae
275 946 404 1000 manibus
413 945 672 1001 demonstrationem
682 943 800 998 firmam:
816 944 1002 1001 nihilominus

201 1022 357 1077 humaniter
367 1038 416 1075 nos
429 1020 537 1083 audiat,
566 1018 666 1084 multa,
687 1035 737 1073 nec
750 1036 782 1073 ea
795 1025 890 1074 tamen
909 1023 1000 1077 verbis

201 1098 317 1171 comptis
328 1113 418 1168 neque
426 1096 495 1151 falso
504 1103 601 1151 ornatu
615 1093 676 1148 ficta
686 1093 852 1159 scribentes,
876 1095 930 1152 sed
941 1115 999 1152 vera

202 1190 234 1227 ac
248 1172 365 1227 indubia
379 1179 552 1244 argumenta,
575 1168 722 1240 exquibus
732 1170 878 1225 veritatem
890 1175 999 1244 quaesi-

200 1258 256 1304 tam
267 1248 319 1303 hoo
329 1247 455 1304 lemmata
464 1245 602 1300 deducere
611 1245 721 1316 poterit.

257 1345 300 1397 62.
313 1338 487 1394 Providentia
497 1352 585 1408 quum
595 1335 691 1407 plectit
699 1337 812 1399 iustum,
827 1339 998 1394 noniureiu

201 1415 295 1470 diciali
306 1411 541 1487 agit‚'nulerendo
551 1411 622 1466 dona
632 1411 658 1466 ei
669 1410 744 1465 data:
764 1413 906 1468 nonenim
917 1423 998 1470 mutat

201 1492 267 1544 iusti
282 1506 385 1554 mores,
406 1488 483 1543 vitiis
502 1486 697 1542 involuntariis
717 1485 840 1540 subdens
857 1486 997 1544 hominem

200 1567 301 1620 virtute
315 1563 482 1635 praeditum.
523 1562 554 1618 Si
567 1579 631 1635 ergo
646 1578 754 1633 semper
768 1562 902 1619 similiter
912 1582 945 1621 se
956 1567 998 1621 ha·

200 1638 247 1694 het
256 1640 300 1693 vir
308 1656 471 1711 generosus,
488 1638 526 1693 ita
537 1646 580 1702 ut,
596 1637 647 1692 etsi
656 1639 686 1692 in
697 1636 834 1711 proelium
844 1638 997 1703 advenerit,

199 1715 229 1768 in
244 1714 441 1784 tranquillitate
455 1714 492 1767 sit
505 1720 650 1784 semperet
659 1711 730 1767 nihil
741 1728 804 1766 eum
814 1714 933 1771 tristitia
944 1716 999 1771 aili-

199 1790 262 1851 ciat,
271 1796 347 1843 estne
356 1790 449 1857 itaque
459 1788 536 1841 locus
547 1788 659 1844 dicendi
669 1786 889 1858 improvidenter
900 1790 999 1846 lactum
1022 1808 1023 1854 l

198 1863 299 1925 fuisse,
320 1871 351 1916 ut
365 1878 458 1933 pugna
472 1866 664 1933 superveniat,
685 1864 736 1917 etsi
752 1863 897 1919 occidatur
911 1867 999 1921 iustus
1021 1892 1022 1938 p

198 1954 263 1992 curn
272 1934 393 1992 iniusto?
406 1938 474 1991 Nam
483 1938 534 2008 qui
544 1938 655 1994 virtutis
666 1937 778 1992 ardebat
788 1937 942 2007 desiderio,
955 1943 999 1996 vix
1020 1964 1021 2023 p

198 2013 302 2068 malum
311 2012 440 2067 censebat
448 2030 478 2066 sc
488 2030 552 2067 cum
562 2014 665 2068 iniusto
675 2013 757 2076 meri,
777 2014 897 2084 eoquod
909 2018 998 2071 anima
1019 2042 1020 2105 p

198 2091 259 2143 eius
272 2105 381 2159 semper
396 2097 518 2143 remanet
531 2090 560 2143 in
576 2089 741 2161 integritate.
769 2086 813 2147 (Si
827 2105 895 2161 ergo
910 2090 998 2147 homi-

198 2182 261 2220 nem
272 2164 506 2238 virtuteornatum
517 2164 674 2218 nullatenus
684 2160 797 2217 offendit
810 2164 995 2235 providentia,

198 2258 252 2296 non
262 2241 358 2311 utique
368 2240 499 2293 iniuriam
510 2238 575 2293 lacit
585 2240 665 2303 iusto,
678 2239 730 2293 etsi
741 2254 804 2292 oum
814 2238 933 2296 iniustis
944 2260 997 2297 mo-

198 2317 296 2383 riatur;
314 2315 444 2386 quoniam
454 2314 563 2368 nullum
573 2314 597 2368 is
608 2314 708 2367 vitium
718 2312 848 2385 praetulit
863 2314 894 2369 in
908 2328 996 2372 mente

197 2390 386 2461 principaliter
395 2389 563 2444 dominante.
600 2387 654 2453 Qui
665 2405 730 2443 vero
739 2397 883 2461 permanet
892 2392 924 2445 in
937 2410 996 2447 con·

197 2465 261 2518 silio
270 2465 347 2519 vitiis
357 2472 474 2527 carente,
489 2462 626 2534 quomodo
636 2463 736 2537 vitium
746 2464 775 2517 in
786 2480 816 2518 se
827 2462 917 2520 ierat?
926 2467 995 2533 Quo-

196 2538 277 2592 modo
291 2539 343 2591 istc
357 2537 559 2608 providentiam
573 2536 735 2602 accusabit*
747 2554 835 2609 quum
848 2538 911 2611 ipse
927 2540 993 2596 nihil

195 2610 225 2661 in
239 2620 329 2664 mente
343 2628 442 2682 passus
457 2610 588 2685 luerit*)‘l
607 2609 837 2684 Quandoquidem
848 2630 921 2685 quae
933 2634 994 2673 con·

245 2749 266 2791 ⁶)
280 2757 298 2786 s.
313 2750 405 2787 commo
410 2758 488 2797 parua
497 2759 516 2788 s.
525 2750 577 2788 nihil
586 2752 654 2797 (mols)
660 2762 739 2799 passus
749 2754 792 2793 ciue
802 2757 895 2797 amulo.
913 2758 935 2799 Α
942 2760 992 2799 neh.
