2050 3100
166 278 215 331 tat
392 280 576 327 ramerus
595 279 732 327 ruuaer
867 275 900 342 [1,
911 275 963 340 ua]

164 400 235 455 quae
244 382 411 437 onomastice
421 380 543 435 melilota
556 382 741 436 nominantur.
782 381 904 437 lllirilioa
918 382 963 435 ita-

164 476 219 530 que
235 457 432 529 compositione
447 456 503 511 sibi
511 457 623 527 propria
633 458 694 528 apis
702 464 874 511 transmutat
882 472 960 511 rorem

164 534 194 588 iu
209 541 334 591 naturam
349 530 454 595 mellis,
475 538 502 585 et
513 532 552 585 ita
561 539 701 602 operatur:
733 548 827 584 rorem
838 530 960 586 velutse

164 608 266 663 minale
278 606 418 678 quoddam
433 607 464 659 in
477 622 508 661 se
523 623 664 661 assumens
677 604 796 677 gravida
811 606 922 669 evadit,
939 612 959 657 et

163 689 291 755 properat
310 680 345 735 ad
362 690 472 752 partum
491 697 524 735 eo
543 681 573 735 in
593 681 663 744 situ,
684 679 734 735 ubi
752 696 809 735 uon
832 679 956 739 laedatur.

163 773 246 828 quem
259 755 460 826 procreandum
473 757 536 810 soit.
575 756 656 810 Facta
666 762 732 809 sunt
741 761 838 809 autem
848 755 956 811 alvearia

163 831 199 885 ad
209 829 388 885 habitationis
397 830 541 885 hominum
549 828 763 885 similitudinem
773 846 827 899 pro
841 828 956 885 diverso

162 906 204 960 rio
213 922 321 969 earum,
336 904 441 975 quihus
451 904 520 959 deus
531 904 690 959 hereditatis
700 902 782 958 modo
793 902 956 959 distribuens

162 980 241 1035 dedit
251 979 476 1035 lructusinterra
486 988 621 1051 repertos,
637 994 692 1033 nou
701 977 794 1033 solum
804 996 844 1033 ex
854 978 954 1051 plantis,

162 1055 213 1109 sed
222 1057 304 1110 etiam
314 1071 350 1109 ex
359 1053 538 1109 animalibus.
575 1052 689 1121 Quando
698 1053 793 1123 itaque
804 1055 871 1125 apis
885 1052 954 1126 parit,

162 1130 272 1203 effingit
289 1129 406 1201 liguram
425 1128 557 1193 solidam,
578 1126 768 1201 magnitudine
787 1128 848 1183 sibi
867 1143 957 1187 conve

162 1207 268 1269 niente,
290 1212 383 1275 utpote
398 1204 467 1258 bene
482 1212 559 1267 uota,
580 1211 689 1274 atquae
703 1203 794 1275 magis
809 1200 957 1275 aptasitad

162 1280 394 1336 continuationem
412 1279 585 1350 propaginis.
631 1276 769 1349 Duplicati
790 1288 889 1334 autem
908 1279 958 1333 aui-

162 1356 264 1411 mantis
274 1354 379 1426 duplex
391 1361 433 1409 est
447 1353 546 1409 modus
561 1352 786 1409 constructionis:
820 1354 895 1411 alter
909 1370 960 1407 me-

163 1432 238 1486 xime
252 1428 388 1485 materiali
403 1430 510 1500 corpori
524 1428 639 1493 similis,
661 1444 722 1483 cera
737 1427 867 1496 scilieet;
902 1430 961 1485 alter

162 1514 255 1562 autem
264 1514 404 1577 tamquam
414 1504 520 1568 anima,
533 1504 606 1560 eirca
615 1519 699 1576 quam
708 1512 854 1570 versatur,
868 1520 962 1577 nempe

161 1582 227 1636 mel.
266 1579 382 1647 Quando
395 1597 461 1635 vero
474 1597 537 1639 cera
551 1597 639 1636 rorem
657 1580 808 1650 acceperit,
831 1597 871 1636 ne
892 1581 962 1636 labor

160 1655 340 1726 imperfectus
353 1655 525 1719 devastetur,
547 1655 684 1711 clauditur
693 1654 912 1727 obstmriturque
923 1656 962 1710 lir-

160 1731 242 1784 mitar
261 1730 379 1785 naturali
400 1731 533 1787 instinctu
554 1739 646 1786 contra
665 1728 776 1786 fraudes
798 1731 962 1787 animalium

160 1804 365 1870 invadentium,
387 1806 484 1872 itaut,
504 1815 645 1878 tamquam
658 1806 687 1860 in
703 1805 815 1860 civitate
826 1807 962 1877 palatium

160 1880 238 1934 iuxta
252 1878 386 1950 palatium
399 1881 469 1937 undi
508 1901 524 1937 e
538 1890 647 1954 septum
661 1897 692 1936 ac
704 1879 823 1935 densum
836 1892 962 1938 cernatur

160 1955 275 2009 vallum.
313 1955 458 2012 luteriores
484 1955 511 2032 *]
528 1965 619 2012 autern
632 1965 723 2028 partes
738 1965 861 2029 angusto
875 1958 962 2013 subti-

159 2029 236 2101 lique
255 2028 333 2084 aditu
352 2040 502 2086 coarctatae
519 2041 596 2092 sunt.
617 2049 653 2087 ne
671 2031 760 2086 laoilis
780 2032 818 2086 sit
832 2032 959 2091 invasio

160 2104 268 2179 largum
282 2106 357 2161 euim
372 2108 492 2178 spatium
506 2107 654 2180 irruptioni
668 2115 752 2179 patet.

214 2215 259 2269 at.
292 2213 349 2267 Neo
371 2211 543 2268 solummodo
565 2211 750 2267 circumdatur
769 2211 850 2265 locus
874 2212 960 2268 solida

159 2288 325 2350 munitione,
347 2286 397 2341 scd
411 2288 493 2342 etiarn
507 2295 570 2359 post
584 2287 692 2341 moenia
705 2285 788 2341 ducta
802 2285 908 2342 fortior
923 2306 960 2343 ro

158 2360 320 2434 bustiorque
331 2363 390 2432 apis
401 2361 542 2417 custodiae
552 2379 663 2436 praeses
673 2368 699 2416 et
707 2369 801 2415 custos
811 2364 892 2416 muri
898 2381 961 2418 con-

158 2437 291 2490 stituitur.
331 2438 401 2491 Tum
419 2435 467 2491 illa
486 2437 601 2493 collatae
614 2436 683 2500 sibi,
705 2444 735 2491 ut
748 2433 818 2489 mihi
833 2436 959 2498 videtur,

158 2508 296 2564 facultatis
304 2527 449 2581 personam
459 2511 600 2567 sustinens
610 2511 715 2584 prodit,
736 2526 768 2564 ac
776 2509 874 2581 palam
886 2514 962 2567 venit

157 2581 289 2651 sedetque
298 2600 383 2654 prope
393 2584 428 2638 ad
438 2586 594 2649 introitum,
615 2587 687 2640 sicut
700 2601 735 2640 ex
743 2583 860 2656 specula
873 2595 963 2642 atten-

157 2651 238 2716 dens,
251 2662 278 2708 et
287 2672 495 2725 quaquaversus
504 2660 747 2730 circumspectans.
778 2657 963 2733 Siergoces-

156 2732 218 2803 sant
227 2726 392 2793 adversarii,
409 2733 560 2800 acquiescit
571 2740 597 2786 et
607 2735 681 2802 ipsa;
713 2734 753 2787 eis
764 2741 858 2788 autem
871 2740 965 2810 agita·

156 2800 191 2844 trs
210 2797 354 2854 confestim
371 2801 406 2856 ad
423 2803 612 2862 defensionem
627 2815 757 2862 armatur.
797 2807 850 2864 Sin
866 2822 966 2870 autern
