2050 3100
163 227 194 280 dd
391 231 575 278 PHILONIS
594 229 730 275 lUDAEI
874 225 904 292 [1.
915 226 957 296 25]

162 333 248 388 Cuius
258 349 321 403 pars
334 331 449 402 provida
464 339 518 396 est,
540 348 652 387 neeesse
662 340 703 386 est
713 339 743 385 ut
752 339 842 386 totum
852 349 958 405 quoque

161 406 310 479 providum
320 408 366 460 sit.
395 406 448 473 Qui
461 423 526 462 vero
536 408 605 461 velit
615 406 650 460 ab
660 407 790 462 universa
800 415 900 462 natura
909 410 959 463 tol·
1005 428 1006 435 ¹

164 485 220 537 lere
229 480 439 555 providentiam,
452 481 530 552 prius
540 487 646 552 oportet
655 489 687 535 ut
694 481 816 552 partium
827 482 889 536 eius
899 500 959 554 pro-

161 557 313 612 uidendam
333 557 438 612 irritam
456 555 567 611 reddat:
597 557 664 626 quia
681 555 791 610 indocta
804 557 859 611 erit
873 560 959 612 omnis
1005 548 1006 579 ³

163 634 267 696 anima,
298 631 322 685 si
342 631 496 703 nondatur
515 630 698 702 providentia.
741 631 798 684 Neo
819 629 960 687 formicam

161 709 226 779 quis
237 705 381 778 providam
391 707 527 770 censebit,
549 723 600 760 uec
611 722 691 777 apem
703 705 894 777 ingeniosam,
916 726 960 762 ue-

161 799 216 855 que
242 781 419 836 hirundinem
441 781 578 854 industria
602 779 767 852 praeditam:
809 799 865 836 non
890 784 960 838 enim

162 856 342 928 praescientia
364 873 399 910 ex
418 863 513 911 natura
533 855 562 910 id
582 856 669 911 novit.

218 968 261 1021 52.
287 965 317 1020 si
331 981 395 1020 vero
405 965 486 1019 liceat
496 963 628 1019 audacius
639 963 730 1018 adhuc
741 980 772 1018 ao
783 962 904 1019 fidenter
915 966 961 1020 ali-

161 1039 231 1112 quid
246 1040 350 1104 dicere,
372 1040 491 1095 cessabit
505 1039 591 1094 iudex
603 1039 637 1093 de
647 1039 758 1093 iniuriis
769 1056 907 1110 quaerere
918 1059 961 1095 ne-

161 1133 216 1187 que
234 1133 328 1170 curam
346 1124 422 1188 geret
437 1115 585 1186 quisquam
600 1115 734 1178 civitatis,
755 1115 878 1186 quinon
895 1118 960 1171 norit

161 1189 377 1264 providentiam:
407 1207 494 1262 quum
505 1207 559 1244 nou
570 1190 650 1245 detur
664 1189 855 1261 providentia,
879 1208 896 1245 a
912 1208 960 1263 qua

163 1267 231 1322 baec
249 1266 403 1320 edoceatur.
442 1263 584 1330 Quomodo
599 1269 677 1338 erp,
699 1263 810 1337 quando
831 1267 960 1338 princeps

161 1343 299 1414 sapienter
322 1357 420 1413 regens
444 1341 585 1408 civitatem
608 1339 810 1412 providentiam
841 1351 960 1404 exercet,

162 1417 243 1472 istius
256 1413 293 1492 [*]
306 1415 418 1470 laudant
431 1416 619 1488 principatum
633 1423 773 1486 tamquam
785 1417 882 1472 omnia
899 1435 961 1491 pru-

160 1491 256 1546 denter
270 1492 422 1564 operantis,
444 1490 586 1546 formicam
602 1492 697 1555 etiam,
718 1499 749 1545 ut
760 1490 885 1562 amplius
896 1493 962 1565 quid

161 1566 266 1628 dicam,
288 1582 382 1638 apem,
406 1583 504 1639 gruem
524 1576 698 1637 caeterosque
713 1568 743 1621 in
758 1568 819 1620 atae
836 1569 963 1625 volantes

160 1640 290 1713 providos
309 1658 370 1697 esse
389 1659 420 1697 ac
439 1642 564 1697 sollertes
577 1640 710 1713 probant?
738 1641 864 1697 Iudicem
879 1646 964 1699 etiam

159 1716 251 1780 urhis,
272 1718 322 1786 qui
337 1716 442 1773 iudicio
455 1718 686 1788 mortis-aliquem
702 1715 827 1781 damnat,
849 1720 965 1789 quando

159 1806 229 1861 opus
238 1807 321 1844 suum
332 1790 361 1845 id
371 1793 472 1865 exigit,
488 1792 562 1847 baud
572 1793 742 1863 vituperant,
754 1792 966 1863 providentiam

159 1882 223 1920 vero
234 1863 360 1919 videntes
369 1865 487 1922 fulmina
497 1868 616 1939 desuper
627 1868 779 1922 mittentem
794 1869 966 1939 grandines-

158 1957 212 2070 qulq
223 1957 306 2053 suqer
316 1940 405 2014 ligna,
418 1960 484 1997 saxa
493 1952 521 1999 et
529 1944 643 2016 impios,
656 1942 906 2015 improvidentiam
918 1964 967 2016 ap
998 1991 1003 2000 .

158 2032 191 2087 pe
216 2023 275 2070 ant.

212 2129 255 2182 53.
281 2127 322 2181 An
338 2144 388 2181 uec
403 2128 570 2185 animalibus
586 2144 675 2200 neque
690 2126 799 2182 mortali
811 2126 967 2185 bominum

158 2203 252 2275 generi
263 2203 501 2275 participationem
511 2204 702 2276 providentiae
714 2202 966 2260 volunttribuere?

158 2278 329 2332 Mellillcium
345 2278 378 2333 ab
398 2277 481 2352 ape*)
502 2286 564 2350 apto
584 2277 679 2333 ordine
699 2276 830 2332 dixerunt
850 2280 966 2349 perfici,

157 2352 355 2425 dispensatoris
369 2370 443 2408 more
457 2352 599 2408 formicam
614 2361 750 2407 noverunt
763 2352 870 2407 semina
891 2355 968 2410 iuter

154 2426 289 2486 ,foramina
304 2427 447 2497 colligere:
479 2437 506 2482 et
520 2437 611 2483 tamen
626 2430 655 2481 in
674 2425 851 2498 providentia
870 2432 969 2484 otium

155 2500 295 2566 quoddam
319 2502 431 2554 omnino
454 2504 717 2565 comminiscuntur,
748 2518 803 2555 non
828 2502 968 2559 videntes

206 2666 227 2712 ²)
241 2666 276 2705 Ad
288 2670 387 2713 verbum,
406 2670 536 2709 aimundum
550 2671 614 2718 desit,
632 2672 663 2711 ita
676 2674 800 2722 exponitur:
826 2674 970 2723 Meltvtctam

154 2717 201 2749 arte
210 2725 269 2760 apem
282 2727 300 2754 s.
313 2727 352 2763 ape
364 2720 468 2762 anterius,-
488 2731 530 2767 quo
544 2721 593 2760 dato
606 2722 705 2762 fortassis
719 2725 898 2773 mterrogattonre
914 2732 968 2765 nota

153 2760 224 2798 lecum
239 2764 331 2802 babebit.
357 2766 437 2805 Aucb.
553 2789 554 2793 =
