2050 3100
56 216 98 281 [Π,
110 212 171 278 551]
250 217 378 264 SERMO
395 219 446 263 DE
465 219 674 266 SAMPSONE.
817 215 866 270 397

55 336 111 391 que
124 318 186 373 suis
201 317 298 372 audire
313 319 374 373 eius
393 319 489 373 verba.
528 319 579 373 iile
598 336 664 375 vero
680 324 864 391 praeveniens

54 410 168 467 preces,
189 393 318 448 mandato
332 403 455 466 accepto,
478 395 578 449 iterum
588 395 700 450 mulieri
711 400 864 469 apparetin

55 486 121 542 agro
137 469 289 533 seminato,
309 467 359 524 ubi
374 468 497 523 sedebat.
537 470 602 525 Erat
617 487 682 543 ergo
697 474 863 539 etveritatie

54 543 231 617 symbolum,
248 544 353 615 quippe
363 544 439 614 quod
449 546 531 598 iatius
542 554 614 599 11111
623 546 756 603 seminata
767 546 860 613 fuerit,

54 628 188 675 externae
207 626 296 673 terrae
313 635 408 674 semen
428 618 576 691 figurabat.
619 620 689 692 Cum
708 639 774 695 ergo
791 631 863 678 tam-

54 710 143 765 quam
157 710 194 748 ex
206 693 299 766 angeli
313 694 520 765 praevenientis
534 694 674 751 celeritate
687 696 795 768 aliquid
805 698 862 754 sibi

54 768 197 824 attrahens
216 784 325 839 auoque
343 771 438 823 cursui
453 768 572 834 addens,
593 771 703 826 volante
717 769 863 834 velocitate

52 845 158 899 mulier
168 859 279 915 egressa
290 843 324 899 ad
334 845 426 899 virum
437 845 608 915 perveniret,
624 846 672 900 ille
682 848 731 917 qui
742 848 823 904 velox
835 857 862 902 et

52 922 83 973 in
93 921 159 974 ae're
169 918 330 982 ambulans,
343 918 408 974 luna
417 918 532 990 soleque
542 920 656 975 celerior
667 930 724 976 erat
734 923 859 995 angelus,

52 996 162 1050 interea
180 993 326 1048 mulierem
346 994 518 1065 exspectavit
536 994 693 1050 tendentem
714 996 749 1050 ad
769 997 859 1052 virum

52 1085 149 1123 snum.
190 1069 304 1123 Tantam
319 1069 416 1139 utique
430 1069 672 1124 mansuetudinem
683 1071 712 1123 in
723 1071 784 1141 ipso
795 1088 862 1126 suae

51 1142 238 1216 benignitatis
249 1152 355 1214 partem
365 1143 435 1199 deus
445 1143 558 1199 indidit.
586 1146 682 1214 Neque
691 1146 803 1198 mirum.
830 1146 860 1199 Si

51 1220 130 1274 enim
150 1217 305 1272 secundum
324 1218 441 1274 1011111111
460 1218 551 1273 divini
565 1219 660 1273 vultus
675 1218 757 1273 bomo
773 1218 861 1273 factus

51 1293 121 1358 tuit,
144 1292 233 1347 multo
248 1294 337 1366 magis
350 1293 386 1348 de
400 1293 497 1349 divina
511 1293 697 1348 similitudine
708 1294 737 1347 in
749 1294 861 1365 angelo-

50 1386 116 1423 rum
127 1367 228 1422 faciem
238 1369 327 1438 portio
338 1369 453 1423 accessit
463 1368 590 1439 amplior.
611 1368 747 1434 Quoniam
758 1378 860 1440 quanto

51 1444 214 1514 propiorem
227 1441 279 1497 deo
289 1442 487 1498 habitationem
496 1444 586 1499 sortiti
597 1452 675 1508 sunt,
692 1460 725 1500 eo
733 1445 822 1516 magis
834 1453 861 1499 et

52 1518 160 1594 effigiei
171 1518 233 1574 eius
242 1519 386 1591 propiores
397 1516 484 1576 fuere.

112 1649 155 1701 11.
177 1645 321 1700 Caeterum
330 1645 471 1717 prolixum
481 1644 592 1700 reddidi
603 1661 771 1710 sermonem,
788 1646 860 1702 odi·

51 1722 134 1785 leoti,
155 1719 339 1776 honorificum
359 1719 477 1788 faciens,
507 1722 574 1792 quia
593 1721 709 1774 istorum
728 1719 860 1776 honorifi-

51 1797 144 1853 centia
155 1796 311 1851 encomium
322 1795 464 1851 divinitati
475 1803 527 1849 est.
565 1795 675 1850 Etenim
685 1796 733 1867 qui
742 1795 859 1868 pulchre

52 1873 248 1929 concinnatam
267 1870 384 1926 formam
403 1870 485 1925 laude
505 1867 638 1934 celebret,
660 1872 750 1942 ipsam
766 1873 859 1926 vivam

51 1957 181 2003 naturam
191 1946 281 2018 magis
292 1962 324 2000 ao
333 1947 423 2019 magis
434 1944 598 2010 admiratur,
615 1962 714 2017 exque
725 1962 769 2000 ars
780 1947 861 2000 simi-

52 2022 204 2078 litudinem
229 2021 389 2085 extrahens,
416 2018 453 2094 [*]
477 2019 580 2074 formae
603 2036 675 2091 opus
698 2022 859 2091 praestavit.

51 2098 130 2152 Adeo
149 2096 199 2151 1111
217 2097 330 2152 excellit
343 2095 447 2151 formae
462 2095 587 2159 laudem,
598 2111 680 2165 .quae
693 2097 790 2167 nequit
804 2096 860 2149 ori·

54 2172 177 2244 ginalem
188 2171 427 2243 pulchritudinem
438 2171 466 2223 111
478 2169 548 2224 11111
558 2187 608 2224 sua
618 2177 736 2242 portare.

113 2300 154 2351 11.
170 2297 324 2366 ,Postquam
338 2312 403 2352 vero
416 2295 600 2350 demonstrata
611 2293 663 2350 tuit
674 2294 719 2349 dei
729 2295 860 2365 benigni-

54 2381 109 2434 tas,
136 2371 230 2444 angeli
245 2371 402 2436 obsecutio,
427 2370 555 2425 muiieris
575 2368 777 2441 promptitudo,
805 2369 859 2419 viri

54 2445 256 2510 mansuetudo,
279 2447 347 2518 quia
365 2445 449 2500 simul
469 2442 761 2502 111111111111111111111
781 2441 858 2504 lator,

54 2537 138 2591 quam
154 2519 278 2588 mandati
292 2529 463 2592 acceptores,
489 2521 592 2575 iterum
605 2517 757 2572 modestam
775 2513 862 2569 artifi-

55 2596 216 2668 ciosamque
229 2597 322 2669 angeli
342 2596 577 2667 dispensationem
595 2592 729 2655 admiror,
755 2591 860 2661 quippe

54 2672 104 2740 qui
126 2689 182 2728 non
205 2671 359 2727 secundum
381 2672 544 2725 anteriorem
567 2667 667 2722 faciem
687 2666 716 2718 in
739 2664 861 2719 secundo

55 2747 198 2817 apparuit,
234 2763 324 2818 neque
348 2754 378 2801 ut
400 2746 480 2801 visus
505 2751 547 2798 est
566 2741 691 2802 mulieri,
731 2739 861 2794 similiter
