2050 3100
179 290 226 343 ηε
408 284 590 340 emn'ours
608 291 747 339 sunum
882 285 976 351 [bill]

176 397 260 468 plecti
281 402 362 465 atque
376 393 576 463 constringere,
602 408 683 451 suum
702 390 800 443 cibum
820 392 855 445 in
874 408 907 445 os
925 392 977 445 eius

176 472 300 534 mittere,
320 470 376 523 imo
386 483 475 538 neque
484 475 564 520 noete
574 482 663 536 neque
673 465 720 519 die
730 465 790 536 pati
805 465 843 520 ab
856 466 977 521 eodista-

176 563 220 610 re,
236 545 293 601 nisi
302 546 382 598 iussu
391 542 517 614 magistri
527 540 656 597 ferarum.

232 656 276 710 29.
297 652 345 706 Sic
359 666 423 723 ergo
436 658 533 704 natura
548 648 577 702 in
590 648 727 703 universis
738 648 846 703 animis
858 649 976 703 domina

176 730 273 783 tricem
286 734 405 779 mentem
420 723 557 779 condidit:
579 723 617 777 ita
630 731 734 785 tamen,
756 732 788 776 ut
804 724 836 777 in
853 740 912 778 uno
927 725 975 777 lan-

175 801 261 875 guida
271 802 307 855 sit
317 798 465 854 delineatio
476 816 507 853 ac
517 797 686 853 subobscura
697 794 828 852 etfacilis
840 798 879 852 ad
890 799 975 853 delen-

176 875 243 930 dum
254 874 342 947 figura
352 873 468 937 formae,
491 875 521 928 in
537 872 620 927 altero
635 888 699 926 vero
714 871 793 925 velut
805 872 973 933 indelebilis,

175 951 249 1004 clara
268 958 294 1005 et
313 951 363 1004 vix
380 948 497 1004 delenda
512 947 597 1003 forma
615 946 724 1018 depicta
741 947 789 1001 sit.
830 948 974 1003 inevidens
1002 1002 1003 1015 ἶ

175 1027 268 1096 itaque
280 1024 365 1079 forme
376 1032 417 1079 est
427 1026 456 1078 in
467 1022 544 1087 aliis,
560 1029 687 1080 constans
702 1030 795 1075 autem
806 1023 974 1094 evidensque

175 1109 258 1174 typus
268 1100 298 1155 in
308 1099 428 1154 bominis
439 1098 525 1153 forma
538 1097 662 1171 geritur..

230 1229 274 1281 30.
293 1226 376 1281 Porro
390 1223 569 1295 praetoriam
583 1222 656 1278 dieta
670 1238 724 1277 non
735 1220 919 1293 superfluum
933 1226 976 1277 erit

174 1300 367 1372 illudquoque
377 1300 483 1362 dicere,
500 1296 766 1369 ·quodsapientiim,
787 1298 942 1359 scientiam
955 1308 977 1351 et

175 1377 309 1447 optimam
320 1374 357 1449 Γ]
369 1373 610 1438 deliberationem,
623 1390 682 1429 eam
692 1372 784 1435 etiem,
800 1388 878 1443 quae
887 1374 978 1445 proui-

175 1449 211 1505 da
225 1461 267 1506 est
285 1467 349 1505 cum
368 1450 573 1521 procuratione,
599 1457 658 1504 tum
673 1448 756 1506 aliem
772 1464 848 1519 quae
869 1447 978 1504 consilii

174 1526 338 1596 prudentiae
352 1542 480 1599 germana
495 1533 550 1588 est,
571 1524 782 1595 compluresque
800 1522 888 1589 elias,
910 1540 979 1596 quae

174 1601 317 1655 rationulis
328 1602 436 1660 animae
445 1603 562 1655 virtutes
573 1600 754 1671 appellantur,
767 1600 904 1660 animalia
915 1617 978 1672 pree

174 1691 204 1728 se
215 1675 316 1730 lerunt.
355 1675 434 1743 Quod
443 1691 527 1746 quem
539 1693 633 1730 verum
643 1675 692 1736 sit,
705 1673 884 1730 manifestum
895 1675 979 1731 fidem

174 1747 279 1803 iaciunt
292 1751 371 1805 nisus
386 1769 418 1806 ac
426 1750 557 1806 molimen
571 1749 606 1804 de
619 1750 701 1805 rebus
712 1751 788 1804 victu
797 1753 978 1813 necessariis,

173 1824 333 1896 ingenium,
348 1826 485 1881 industria
494 1826 622 1895 militaris
632 1834 658 1880 et
668 1833 862 1898 strategemata
872 1825 979 1881 diversi

174 1899 294 1970 generis.
324 1901 393 1954 Nam
403 1900 524 1973 Polypus
534 1901 644 1971 quando
653 1907 782 1954 uenatum
792 1900 815 1954 it
825 1900 902 1965 cibi,
920 1919 979 1956 cor-

174 1990 227 2046 pus
243 1989 324 2027 suum
336 1974 478 2046 lapidibus
489 1976 624 2032 assimilat
633 1973 667 2029 ad
677 1973 858 2046 decipiendos
868 1976 976 2047 pisces,

174 2065 262 2119 quum
271 2050 346 2103 enim
356 2058 453 2121 putant
461 2051 505 2105 illi
516 2051 593 2105 iuxta
603 2066 700 2105 saxum
715 2057 821 2114 natare,
844 2052 979 2124 aggredi·

174 2131 219 2177 tur
229 2132 256 2178 et
265 2124 412 2196 prehendit
424 2124 508 2197 eos*).
548 2125 622 2191 Quae
637 2141 703 2180 vero
712 2123 815 2179 dicitur
823 2125 918 2181 Nerea
929 2127 977 2199 (sc.

175 2199 323 2272 Torpedo)‚
335 2199 461 2254 eiusdem
470 2200 591 2270 nominis
602 2199 727 2254 morbum
737 2215 824 2270 quum
834 2211 978 2273 comparet

174 2273 300 2345 piscibus
308 2292 339 2329 se
347 2275 540 2347 tangentibus,
551 2275 628 2331 nullo
638 2274 745 2348 negotio
754 2274 828 2328 sicut
836 2273 927 2332 homo
937 2280 977 2349 pi·

174 2358 265 2405 suatur
275 2348 400 2423 illos**),
416 2349 500 2405 robur
509 2350 616 2421 ipsum,
635 2365 689 2420 quo
699 2350 874 2416 resisterent,
898 2353 938 2408 ad
952 2369 977 2407 se

174 2423 369 2479 contrahendo.
408 2423 482 2491 Quae
493 2433 585 2480 autem
595 2433 706 2483 vocatur
717 2424 815 2489 Stella,
835 2425 925 2482 valde
936 2447 977 2484 sa·

173 2500 281 2566 pienter
294 2507 403 2570 gratum
416 2499 625 2572 iucundumque
638 2499 693 2554 sibi
712 2507 801 2571 parat,
830 2509 978 2576 tamquam

174 2635 247 2721 Aac}
267 2637 354 2675 Prollxe
371 2640 415 2686 agit
432 2639 458 2678 de
475 2639 557 2688 Polypo
575 2647 592 2678 s.
614 2639 722 2688 Polypode
741 2639 822 2679 Plinius
840 2639 880 2688 ix,
899 2645 963 2684 less.

223 2711 257 2776 ”l
278 2733 333 2773 Plln.
347 2735 382 2782 IX,
397 2739 432 2776 dl:
455 2738 539 2785 „Novit
556 2735 644 2791 torpedo
662 2740 705 2778 vim
719 2749 788 2786 suam,
811 2741 860 2788 ipss
873 2753 919 2782 nou
936 2749 981 2786 tor

172 2786 750 2885 rameseie,pseusennes
764 2791 800 2838 ‘¹¹¹¹
