2050 3100
72 180 121 245 [11‚
131 178 251 244 2⁹3-29b]
272 185 313 231 IN
333 187 499 234 GENESIN
530 191 657 236 SERMO
677 192 719 239 lv.
843 191 884 241 ΗΙ

72 286 141 341 ideo
152 294 181 341 et
190 287 324 359 cogitatio
334 289 495 343 naturaliter
507 291 628 361 appellat
641 292 704 354 „Ec
715 303 792 361 patre
805 304 888 348 meo¹‘:

74 379 142 415 nam
159 379 196 417 ex
211 361 272 417 solo
287 362 430 418 intellectu
446 366 600 436 acquiritur
613 367 683 420 mihi
694 369 815 441 cogitare
825 371 890 424 iun·
983 410 985 414 .

74 436 145 491 otim
157 453 224 491 cum
236 437 448 509 imaginatione„
463 437 499 513 [Ἴ
516 439 657 496 Admissio
667 444 810 514 varoquia
825 446 890 499 nut-

75 510 102 565 la
116 521 175 575 est,
198 512 255 565 nisi
266 511 399 567 concedat
409 515 615 587 imaginationi,
637 518 786 572 concedere
797 529 888 573 autem

74 595 102 641 et
118 604 177 641 non
192 585 342 643 abhorrere
357 597 511 644 maternum
525 599 568 645 est
581 608 614 645 ac
625 593 714 663 magis
725 592 886 656 femineum,

74 670 227 732 propterea
237 672 380 733 nuncupat
390 672 485 719 natum
500 671 622 729 Anrmaa,
642 668 683 720 uti
698 656 888 739 non'amptins

75 754 112 791 ex
122 744 213 807 patre,
226 735 277 791 sed
287 755 322 791 aar
328 742 438 805 populo:
457 757 522 795 nam
532 743 674 795 concessio
684 742 885 815 imaginationi,

74 828 150 883 quae
162 812 225 883 ipsa
234 811 370 867 admissio
380 821 431 877 est,
443 816 647 887 appropinquat
655 818 737 887 quasi
747 826 775 872 et
784 818 887 873 adhae-

74 895 117 945 ret
132 886 267 941 sensibus
283 894 310 941 et
324 888 354 941 in
367 888 496 963 sananda.
508 891 691 966 percensum)
701 895 887 965 generationi-

73 962 128 1016 bus
141 978 175 1016 ac
185 962 396 1017 mutationibus.

78 1068 147 1127 Quid
166 1079 202 1119 eat
221 1069 374 1135 „Profectus
391 1070 445 1123 inde
463 1071 589 1121 Abrabam
610 1074 740 1123 interram
760 1077 886 1125 amuclern

146 1137 267 1187 habitavit
289 1138 351 1187 inter
377 1137 455 1187 Codes
480 1149 503 1189 ct
527 1138 589 1202 Sar,
626 1152 648 1189 et
670 1143 799 1205 pereprr'ni·
817 1143 885 1190 modo

145 1205 266 1255 habitavit
289 1205 314 1253 ia
340 1203 440 1255 Gerarr's
467 1208 497 1270 (a.
525 1208 550 1255 in
576 1205 673 1256 Gerarc
699 1225 719 1256 a.
742 1206 886 1270 Gererc)‘⁴t

145 1272 225 1337 (Gen.
238 1277 280 1332 20,
294 1274 330 1336 1.)

133 1360 178 1413 59.
203 1357 359 1428 Propositio
374 1358 573 1413 habitationem
591 1366 618 1411 et
635 1359 885 1431 peregrinationem

75 1433 203 1487 continet
217 1432 246 1485 in
262 1449 291 1486 se
306 1433 360 1487 viri
380 1435 521 1505 generosi:
549 1433 747 1488 habitationem
764 1433 884 1488 mediam

73 1510 148 1564 inter
159 1506 248 1564 Cades
260 1506 359 1573 atsur,
375 1509 626 1581 peregrinationem
637 1526 702 1565 vero
714 1509 800 1574 illam,
814 1526 884 1581 quae

74 1586 103 1656 in
114 1583 239 1639 Geraris.
280 1582 499 1638 Connaturaliter
512 1585 602 1638 voluit
613 1584 690 1649 ilias,
712 1602 783 1656 quae
794 1587 824 1640 in
835 1604 884 1640 no-

72 1659 206 1713 minibus
221 1666 298 1722 sunt,
324 1660 441 1714 virtutes
456 1658 624 1730 patefacere:
654 1661 785 1731 quoniam
803 1660 884 1714 Codes

74 1736 275 1805 interpretatur
287 1742 438 1798 sanctus,
457 1742 484 1788 et
494 1734 550 1789 Sar
558 1751 682 1789 murus.
724 1737 754 1789 ln
769 1736 884 1789 istorum

76 1809 197 1862 duorum
211 1808 329 1862 termino
346 1809 423 1882 regio
442 1816 484 1863 est
501 1809 612 1864 consilii
632 1809 810 1881 diligentium
826 1808 880 1873 dei,

76 1885 105 1937 in
123 1899 180 1954 qua
197 1881 323 1936 habitant
338 1883 436 1937 armati
450 1884 607 1955 munitique
626 1886 728 1939 virtute
742 1893 883 1955 tamquam

75 1975 155 2012 muro
166 1960 310 2012 inaccesso
320 1957 540 2021 etindestructo‚
562 1967 644 2028 atque
660 1959 769 2031 legibus
779 1959 882 2013 sanctis

75 2033 190 2096 nutriti,
215 2049 248 2086 ac
267 2031 408 2088 laetificati
427 2033 503 2088 omni
519 2033 591 2087 vitae
606 2033 652 2087 die
670 2034 746 2105 apud
761 2043 882 2106 patrem-

76 2107 382 2177 familias‚sapientiam
401 2107 504 2178 irrigui
517 2123 553 2160 ex
566 2106 689 2163 fontibus
699 2109 879 2181 perennibus,

76 2200 145 2254 quos
168 2183 200 2236 in
223 2198 311 2236 unum
330 2181 442 2236 reduxit
462 2181 586 2255 locum*)
604 2183 720 2238 verbum
741 2183 880 2238 divinum.

75 2256 310 2328 peregrinationis
332 2263 425 2312 autem
451 2256 533 2312 modo
559 2256 686 2314 habitant
711 2259 742 2312 in
767 2258 879 2320 Gerana,

76 2349 145 2402 quae
159 2339 203 2386 est
215 2329 293 2402 regio
306 2331 546 2402 contemplationis
558 2331 737 2405 diligentium
748 2333 804 2388 dei.

110 2451 146 2514 [Ἴ
169 2448 219 2498 Cur
231 2449 312 2500 iterum
327 2450 358 2499 de
371 2467 444 2500 uxore
460 2468 504 2500 aaa
519 2451 577 2501 dicit
588 2453 727 2503 Abraham:
745 2451 847 2516 „Soror

342 2535 395 2566 mcc
414 2521 488 2566 eat“?
512 2524 565 2582 (20,
577 2521 613 2585 2.)

128 2605 173 2655 60.
196 2597 314 2672 Semper
328 2610 355 2657 et
370 2602 474 2672 ubique
491 2605 568 2657 velut
581 2605 729 2658 consitium
741 2599 880 2672 quoddam

126 2733 147 2783 ¹)
157 2745 176 2774 1.
187 2743 240 2783 wc
249 2743 300 2776 aaut
311 2737 499 2785 temtaverent,
510 2737 548 2775 boc
557 2740 587 2776 art
594 2737 679 2776 certam
688 2737 785 2775 dimac.
799 2733 878 2771 Aaou,
