2050 3100
48 151 144 218 [Lea]
197 157 245 202 DE
265 158 538 205 PROVIDENTIA
562 160 689 206 SERMO
708 160 726 203 1.
826 154 854 206 dl

111 261 158 312 68.
178 256 263 329 Atqui
276 265 342 315 tunc
356 262 427 329 patri
442 261 495 315 erit
508 259 624 324 similis,
644 262 693 332 qui
704 260 794 317 filium
803 278 858 316 non

48 333 394 404 instruatetimprovidus
407 335 457 403 sit,
484 343 531 390 aut
541 337 686 408 magistro,
704 334 858 408 quilhaud)

50 408 177 462 fideliter
188 408 339 462 doctrinam
350 409 480 480 praebeat
489 411 625 480 proximis
631 410 667 483 *l
690 410 745 464 Sed
754 418 785 465 tu
794 411 859 482 qui-

48 483 135 548 dem,
151 492 183 537 ut
197 486 339 548 convenit,
356 486 485 556 quamvis
499 485 614 540 moleste
624 486 673 541 alii
683 485 784 550 lerant,
804 486 859 539 seis

48 558 128 628 quae
138 558 258 630 singulis
268 559 370 614 debeas
380 560 458 614 iuxta
472 559 691 616 retributionem.
730 562 787 617 Nec
802 560 859 616 ullo

51 633 140 687 modo
151 633 244 690 dicere
253 643 345 705 potes,
355 634 431 705 quod
441 635 550 706 aliquid
559 636 626 691 mali
637 636 739 692 lactum
749 637 786 694 sit
795 653 811 691 a
821 643 857 697 te,

51 707 181 762 officium
204 708 272 764 utile
291 708 412 782 singulis
431 710 558 766 debitum
578 711 737 767 adhibente.
781 710 859 767 Unde

51 800 160 854 quaeso
175 783 242 838 haec
256 784 362 839 habens
378 784 464 840 facis‘l
496 785 727 857 Quandoquidem
746 795 860 845 naturae

51 858 156 912 mundi
170 859 238 914 haec
252 860 313 932 ipsa
327 860 441 924 desunt,
464 877 495 915 co
508 860 584 930 quod
600 863 754 916 exanimem
766 863 860 934 ipsum

52 933 155 988 dixisti
170 942 196 989 et
210 934 564 1006 providentiaeexpertem.
602 935 637 993 Et
647 936 785 1006 quomodo
794 953 860 1009 pro-

52 1007 141 1062 vidus
152 1007 229 1064 luisti
240 1011 301 1064 aina
310 1007 503 1081 providentia?
532 1010 652 1066 Maxime
668 1011 742 1081 quod
755 1028 818 1081 pars
829 1028 859 1069 es

53 1082 142 1138 totius
152 1085 262 1149 mundi,
284 1093 376 1156 partes
386 1093 478 1147 eutem
489 1102 504 1138 a
515 1091 570 1140 toto
581 1086 721 1156 accipiunt
731 1085 859 1156 discipli-

53 1175 131 1212 nam.
169 1160 264 1231 ltaque
278 1161 317 1225 si,
339 1161 420 1232 quasi
434 1161 465 1215 in
479 1167 571 1224 utero,
594 1161 623 1215 in
644 1159 741 1214 mundi
762 1168 858 1217 natura

53 1234 192 1306 originem
201 1236 359 1307 sumpsisti,
380 1236 492 1290 omnino
503 1251 616 1290 necesse
627 1243 690 1306 est,
705 1242 735 1288 ut
749 1233 783 1289 ab
798 1235 859 1304 ipso

54 1308 189 1363 habueris
198 1318 224 1364 et
234 1304 325 1375 illa'm,
341 1328 413 1382 quae
423 1311 452 1365 in
461 1318 488 1364 te
499 1317 554 1374 est,
566 1309 712 1380 providam
722 1317 857 1365 naturam.

54 1382 192 1450 Quoniam
202 1386 227 1440 si
237 1385 343 1450 infans,
359 1387 410 1457 qui
421 1387 450 1440 in
459 1393 537 1459 utero
550 1384 671 1439 vitaliter
685 1382 857 1455 producitur,

55 1459 91 1513 ab
102 1460 164 1530 ipso
173 1461 372 1516 nutrimentum
383 1461 498 1531 accipit,
513 1461 640 1530 sineque
650 1461 747 1530 nequit
757 1458 860 1515 habere

54 1536 156 1599 vitam,
172 1537 318 1607 quomodo,
330 1537 355 1590 si
365 1535 417 1591 hoc
426 1535 501 1593 idem
512 1535 548 1591 ab
558 1535 615 1599 illo,
629 1536 679 1607 qui
688 1553 719 1591 se
729 1534 859 1592 omnihus

53 1609 206 1683 obligavit,
218 1628 273 1669 non
283 1620 445 1683 praestatur,
458 1619 489 1666 tu
500 1611 572 1669 dicis
583 1610 686 1674 habere
696 1621 723 1667 te
733 1620 859 1668 naturam

54 1686 215 1757 providam,
237 1703 323 1757 quum
338 1687 472 1743 tamenin
487 1687 652 1760 compagine
666 1688 751 1746 totius
760 1687 858 1743 mundi

55 1768 146 1817 motus
156 1761 346 1833 providentiae
357 1762 475 1819 diffusus
485 1779 540 1817 non
551 1760 606 1817 sit?

110 1852 153 1903 69.
177 1849 257 1916 Quod
271 1851 296 1904 si
309 1851 494 1905 commentitia
509 1850 655 1906 adstruens
670 1850 755 1908 verba
776 1858 858 1921 atque

56 1924 202 1980 artificiosa
212 1926 346 1981 adversus
356 1926 560 1997 providentiam
569 1927 613 1982 vis
624 1927 738 1991 armari,
760 1934 791 1983 ut
805 1925 859 1979 tol-

56 2001 97 2055 las
108 1999 142 2055 de
150 2000 254 2056 mundo
265 2002 499 2072 sapientissimam
513 2001 731 2073 providentiam,
754 2003 786 2055 et'
795 2000 858 2055 idco

55 2077 180 2146 quaeris,
201 2075 338 2147 quomodo
351 2077 441 2132 iustus
451 2076 607 2132 infirmatur
616 2074 858 2147 patiturqueaflli·

55 2148 178 2205 ctiones‘l
206 2150 434 2223 (Adhaecdicozl
462 2150 603 2217 Quomodo
613 2152 703 2206 iustus
714 2151 780 2212 erit,
802 2150 858 2206 nisi

55 2233 244 2296 paupertatem
264 2228 368 2282 iniuste
385 2226 440 2281 sibi
454 2226 574 2291 illatam,
594 2226 673 2281 velut
686 2223 857 2296 opulentiam

57 2300 239 2355 laetabundus
252 2299 289 2376 [*]
306 2299 457 2374 suscipiat?
483 2299 716 2371 Quandoquidem
730 2307 857 2354 ornatum

55 2376 157 2430 virtute
177 2377 378 2434 nihilomnino
397 2385 439 2436 est
457 2375 533 2447 quod
551 2374 644 2432 turbet
657 2382 704 2429 aut
719 2370 854 2430 deflectat.

106 2516 127 2563 *)
139 2527 158 2555 a.
171 2518 201 2556 lta
214 2520 297 2567 accipe:
319 2520 383 2557 Pater
390 2519 462 2565 filium
474 2517 559 2555 minime
571 2518 652 2555 struens
666 2514 741 2553 similia
756 2514 805 2559 erit,
820 2525 856 2553 nee

57 2568 117 2605 ettam
129 2569 230 2615 moqittro
244 2574 287 2608 ate.
312 2570 358 2608 Aut
370 2570 412 2607 aie:
434 2569 504 2615 Neque
517 2569 618 2615 maurane
632 2566 701 2611 ecda,
714 2567 737 2603 ut
745 2565 857 2612 proximor

56 2620 147 2663 edoceat,
169 2616 339 2659 termemeno.
374 2618 534 2658 obscuritatem
556 2618 621 2665 auget
642 2624 734 2663 sequens
756 2616 856 2653 allocutio

58 2678 104 2706 cum
117 2669 295 2718 attemperanda,
318 2671 365 2709 alva
378 2679 427 2707 cum
440 2658 574 2712 adversane,
599 2667 645 2705 alna
663 2666 794 2705 connexione
808 2675 857 2704 cum

57 2720 239 2767 praecedentibus.
266 2721 367 2769 Suspicor
378 2720 450 2768 itaqua
463 2718 536 2766 aliqua
549 2718 636 2757 deesse,
657 2715 738 2756 Aueh.
