2050 3100
43 138 152 210 [istan]
242 148 646 195 ninnnnuruscinns.
798 147 844 200 tlt

44 266 108 304 rem
117 248 250 303 celeritati
265 248 383 312 alarum,
405 250 490 321 pedes
500 250 561 304 eius
571 268 626 305 non
636 260 667 305 ut
677 261 844 307 caeterorum

44 324 161 377 firmans
169 323 200 376 in
208 322 359 394 imputrida
374 340 405 377 ac
418 324 565 396 glomerata
580 325 666 396 pella,
688 326 737 381 sed
750 328 785 381 ad
800 328 845 382 in-

44 406 104 453 star
117 399 228 470 spongii
243 397 375 462 dilatans,
396 408 428 452 nt
442 416 540 470 nempe
554 401 672 455 multum
688 404 758 457 aa'ris
773 403 845 456 reci·

44 472 150 544 piendo
160 488 211 543 ope
221 474 281 527 eius
292 473 383 528 levius
393 474 565 530 elevarentur
575 475 611 531 ad
621 492 743 530 cursum.

104 580 146 635 70.
167 576 305 646 Quantum
315 597 380 636 vero
390 582 436 636 isti
446 599 547 653 pavore
558 580 622 639 sunt
631 583 722 657 pleni,
737 592 844 639 tanturn

43 654 174 710 nonnulli
191 655 220 710 iu
235 656 424 727 impudentem
438 656 580 712 andaciam
596 657 729 713 feruntur.
770 658 843 727 Quid
943 728 945 733 Α

43 729 122 785 enim
136 736 240 800 oportet
255 747 382 802 aprorum
396 731 441 784 vel
455 731 602 802 pardorum
618 741 664 788 ant
679 734 788 790 leonum
799 752 844 789 re-

43 803 119 859 ferre
136 806 364 876 praepotentiam,
385 805 435 876 qui
453 805 488 859 ad
507 806 623 860 iniurias
641 808 843 881 violentiasqua

42 877 186 933 iaciendas
194 879 283 949 parati
293 886 366 942 sunt,
377 896 464 950 quum
475 878 519 934 vel
531 882 701 935 connutritus
712 884 782 937 inter
792 884 843 937 ho-

42 953 136 1007 mines
148 952 226 1007 canis
240 952 350 1024 quando
364 953 488 1027 obtingat
502 955 611 1009 vultum
626 955 681 1007 sibi
692 956 843 1012 infumilia-

41 1044 119 1091 rom,
140 1024 207 1087 iurit
218 1026 468 1099 praetermodum?
493 1028 543 1101 qui
553 1029 577 1083 si
588 1045 623 1082 ex
633 1028 783 1102 longinquo
793 1049 843 1103 ap-

41 1108 153 1175 pareat,
173 1102 269 1157 crebro
282 1111 434 1157 murmurat
447 1111 474 1157 et
492 1119 557 1157 cum
576 1102 680 1175 impetu
701 1105 842 1175 impavide

42 1178 139 1240 latrat,
161 1177 424 1249 appropinquantem
439 1194 504 1233 vero
520 1176 640 1241 invadit,
662 1178 768 1233 cunctis
788 1180 842 1233 im-

41 1250 216 1307 minentibus
226 1250 306 1306 malis
317 1249 489 1322 contemptis.
529 1253 598 1305 Nam
609 1252 789 1325 supersiliens
802 1251 840 1329 [⁴¹⁶]

41 1325 221 1379 vehementer
240 1326 328 1380 oculis
345 1327 505 1397 sanguineis
520 1342 621 1397 oreque
636 1343 734 1398 spuma
748 1327 839 1399 pleno,

41 1417 100 1455 non
120 1408 225 1456 tantum
239 1400 364 1472 lapidum
378 1401 573 1471 proiectionem
587 1398 694 1463 sullert,
717 1418 777 1456 sese
791 1419 841 1476 op-

39 1474 186 1548 ponendo,
202 1474 252 1529 sed
262 1476 344 1530 etiam
353 1474 494 1529 hastarum
505 1476 722 1550 sagittarumque
732 1476 840 1530 immis-

40 1568 138 1606 sarum
148 1551 219 1607 ictus
229 1550 323 1607 obviat
334 1560 361 1605 et
370 1551 508 1606 interserit
518 1567 558 1606 se.

98 1660 142 1712 Ἠ.
171 1659 266 1732 ltaque
284 1659 420 1730 reliquam
439 1661 521 1714 etiam
541 1667 659 1731 partem,
681 1675 734 1713 non
750 1660 840 1714 solum

39 1733 184 1798 homines,
205 1751 302 1790 vemm
319 1736 401 1790 etiam
416 1735 519 1789 bestias
533 1735 641 1789 sortitas
655 1749 716 1788 esse
730 1734 840 1789 intelle-

38 1818 118 1873 ctus,
140 1809 220 1880 quasi
232 1809 383 1865 hereditate
394 1817 517 1881 accepta,
539 1809 614 1864 haud
623 1809 771 1864 obscurum
782 1817 837 1864 ast:

38 1884 125 1938 euius
138 1884 179 1938 rei
193 1885 366 1955 participatio
379 1886 492 1939 virtutis
507 1901 539 1939 ac
548 1884 669 1939 malitiae
678 1885 745 1938 satis
755 1883 839 1938 fldem

38 1957 120 2014 facit.
158 1957 230 2013 Sunt
244 1959 357 2030 quidem
372 1960 473 2030 aliqui,
494 1960 544 2029 qul
559 1967 699 2030 nequeunt
712 1959 839 2013 haenau-

38 2033 117 2096 dira‚
137 2049 187 2104 per
196 2049 225 2088 se
234 2035 348 2088 minime
360 2034 462 2098 edocti,
478 2034 527 2088 sed
537 2035 720 2106 ignorantiam
729 2047 778 2104 pro
793 2034 838 2087 di-

38 2106 164 2179 sciplina
174 2106 305 2163 habentes
316 2109 481 2164 contrarium
491 2111 603 2163 omnino
613 2115 734 2162 tuantur.
769 2107 838 2172 Qni-

36 2185 95 2238 bus
109 2190 201 2237 tamen
218 2201 350 2238 unacum
365 2183 483 2238 naturali
493 2183 636 2236 ratiocinio
646 2181 784 2252 principia
794 2182 838 2235 in·

34 2256 212 2330 telligentiae
223 2257 291 2312 deus
302 2258 466 2313 concesserit
477 2265 558 2328 atque
568 2255 719 2310 doctrinam
730 2271 765 2308 ex
774 2271 838 2310 ver·

34 2333 77 2387 bo
95 2332 317 2403 acquisiverunt,
341 2333 403 2388 istis
422 2333 488 2386 licet
506 2329 677 2384 adversarios
695 2331 837 2400 increpare

33 2405 130 2462 veluti
144 2407 256 2461 insanos
271 2415 317 2462 aut
329 2408 417 2462 veluti
431 2405 559 2459 inimicos
573 2403 707 2458 veritatis.

96 2513 141 2569 72.
166 2514 369 2571 Lrsruacuus.
398 2516 471 2568 llaec
489 2521 567 2576 sunt,
592 2509 837 2568 ohonoratissima

34 2587 134 2650 Philo,
154 2603 226 2658 qnae
240 2587 395 2644 Alexander
407 2595 499 2643 nostor
512 2604 547 2641 ax
567 2585 649 2641 iratra
667 2601 751 2657 nepos
771 2603 837 2641 con-

34 2662 155 2736 scripsit
162 2670 190 2718 et
198 2664 229 2718 in
242 2664 365 2719 medinm
380 2663 494 2719 veniens
508 2661 671 2732 publicavit.
