2050 3100
191 111 236 162 l90
310 114 408 159 PHIL.
431 114 507 159 IUD.
529 112 691 169 QUAEST.
711 112 760 159 ΕΤ
780 112 858 157 SOL.
879 108 998 175 [Π,372.]

187 233 250 270 oum
261 215 377 287 agrestis
387 214 437 277 sit,
459 221 501 267 est
513 210 549 286 [*]
562 212 647 267 etiam
655 211 725 269 urhe
734 220 844 276 careus,
860 222 889 267 et
900 222 998 272 trans·

187 291 252 362 fuga
267 308 284 343 a
299 290 373 361 lege,
395 296 423 342 et
434 296 524 342 rectas
534 289 716 359 uitaogmtus
727 288 852 351 nescius,
874 288 997 345 rebellis

186 372 213 419 at
224 372 385 426 contumax,
406 362 512 416 nullius
520 363 566 419 ,rai
575 364 711 417 iustorum
722 372 769 419 aut
777 362 917 419 bonorum
927 380 998 435 par-

186 441 289 510 ticeps,
314 437 523 503 familiaritatis,
545 437 726 497 humanitatis
741 445 768 492 et
781 438 995 495 communitatis

135 564 146 586 „
187 515 332 576 inimicus,
348 513 434 566 vitam
444 512 683 583 agousinsooiam.
705 531 707 540 ·
723 512 827 568 ilerum
835 513 956 583 sapiens
968 522 995 567 et

186 587 292 643 solidus
304 586 359 641 duo
370 586 438 641 haec
446 586 691 657 itidem·possidat‚
703 586 833 659 (sumsit)
843 591 994 659 inemptus

186 672 210 715 et
223 666 293 715 domi
306 665 436 716 hobitum.
474 661 584 716 Indoles
597 662 734 733 incompta
745 660 875 732 patefacit
887 663 993 717 verita-

186 744 242 790 tem
251 736 439 815 simplicitatis
449 736 656 807 eufemiamque
668 735 847 800 adulationis,
868 748 992 807 quarum

186 812 321 865 contraria
340 806 491 865 moliuntur
507 824 649 881 usurpare·
659 810 813 865 adulatores
828 818 855 865 et
868 814 991 882 praesti-

185 886 315 957 giatores.
353 885 534 950 arremaro,
551 886 650 951 domus
659 886 784 944 custodia
794 903 850 945 uua
859 902 925 945 cum
940 886 992 940 do-

186 962 301 1021 mestico
319 977 408 1025 mora,
437 961 575 1033 oppositio
594 969 638 1021 cst
655 962 755 1033 agresti
776 961 863 1018 vitae:
901 978 989 1021 nuum

186 1036 262 1095 raim
281 1036 397 1094 nurum
415 1037 622 1097 umnomiourn
634 1044 683 1097 ast
702 1043 735 1095 st·
746 1034 913 1101 urbanitatis
929 1038 990 1091 exi-

186 1127 258 1182 guae
266 1110 494 1182 «comprehensio,
516 1112 648 1182 quoniam
661 1110 803 1168 urbanitas
818 1109 852 1183 (s.
864 1110 988 1183 politice)

186 1186 381 1247 notmannis
391 1194 522 1258 cognatae
531 1193 597 1247 sunt
607 1186 736 1249 virtutes,
757 1202 827 1256 quas
840 1184 988 1241 translatas

186 1259 244 1320 fare
258 1262 331 1322 iuter
342 1278 374 1318 se
388 1271 542 1323 monstraro
554 1278 607 1323 non
627 1259 728 1317 frustra
746 1261 811 1328 erit3
843 1258 986 1316 urbanitas

187 1352 307 1405 namque
320 1338 478 1393 oeconomia
494 1335 572 1392 urbis
585 1343 639 1399 cst,
662 1343 689 1391 ct
701 1336 859 1390 oeconomia
872 1334 986 1392 urbani·

186 1409 398 1468 tasestdomus.

187 1662 344 1724 erumpunt.
384 1657 523 1718 Praeterea
537 1659 741 1721 ruralisaxsors
751 1660 885 1724 civitatis,
902 1668 933 1716 ut
943 1675 985 1715 ra-

187 1727 254 1800 fuga
272 1728 366 1800 logum
387 1737 468 1800 atque
488 1730 587 1803 (mara.
607 1742 635 1790 et
655 1734 783 1808 eaquae)⁴
791 1734 984 1808 popularitatis

188 1802 981 1880 alieuuaiuguminstitiaevitandonullosequiturbono,

187 1876 408 1939 namnetudiris
427 1887 456 1937 et
473 1880 686 1944 benivolentiae
698 1885 847 1949 inimicus,
882 1884 982 1954 quibus

187 1949 312 2005 fortunae
333 1951 477 2008 hominum
496 1957 647 2020 consistere
670 1958 810 2020 videntur.
859 1957 981 2020 Urbanus

188 2033 279 2079 autem
290 2026 319 2078 in
332 2033 448 2098 utroque
463 2030 539 2101 viget
553 2032 613 2086 sine
628 2031 737 2088 fictione
750 2037 853 2087 domum
864 2035 982 2088 habitua-

186 2103 233 2162 do,
253 2098 378 2155 inflatum
397 2101 484 2174 igitur
500 2104 624 2162 insinuat
642 2123 692 2178 pro
711 2107 903 2178 simplicitate.
923 2110 980 2165 sine

187 2170 345 2259 blanditiis,
367 2176 427 2232 sina
442 2177 568 2245 insidiis,
580 2181 653 2236 -sina
665 2182 824 2248 illacrima,¹
840 2189 981 2253 quaesunt
1023 2179 1024 2241 l

187 2249 337 2304 atrocitatis
347 2249 480 2312 fomenta:
498 2256 545 2313 ita
555 2255 683 2316 ruralitas
692 2256 811 2328 dissipat
819 2263 920 2316 satum
935 2256 981 2310 do

187 2323 347 2388 mestioum,
368 2326 419 2382 ubi
430 2328 628 2398 paterfamilias
639 2331 851 2402 dispensabilis,
868 2339 898 2387 ut
907 2331 980 2386 civili

187 2397 252 2452 albo
269 2400 441 2471 conscriptus
451 2411 487 2460 ⁴at
503 2403 717 2476 disciplinarum
728 2406 879 2476 proximus
897 2404 978 2466 abest,
1020 2395 1022 2502 f

185 2489 219 2526 ao
228 2491 278 2544 par
286 2473 339 2529 hoo
349 2491 403 2530 non
414 2474 534 2541 fallitur,
556 2480 606 2548 qui
618 2481 751 2552 intelligit
760 2481 884 2552 regimen
892 2479 981 2536 civili·
1020 2509 1021 2516 κ

187 2549 251 2601 tatis
262 2547 426 2606 familiarem
436 2566 497 2606 esso
508 2550 755 2622 dispensationem,
768 2555 804 2609 ito
815 2556 890 2614 anim
899 2564 980 2612 status
1019 2517 1021 2629 f

186 2620 354 2679 domesticus
365 2623 475 2680 stabilis
485 2625 611 2682 habetur.
