2050 3100
81 166 173 233 [naut]
229 174 268 221 IN
287 176 462 223 GENESIN.
482 176 609 223 SERMO
627 176 670 223 Ν.
814 169 844 219 81

107 336 162 395 Quid
167 350 199 391 est
211 378 227 406 ‚,
234 341 264 391 Io
273 312 375 407 tempore
385 344 544 395 accrevertar
553 342 588 392 od
597 353 619 392 te
626 344 652 393 iu
661 340 762 408 hmoa‘)
768 376 776 404 ,
793 348 816 391 ot

250 409 372 486 eaitffliua
382 410 516 463 Sarroffl?
533 416 587 476 (18,
599 412 652 471 14.)

121 530 156 581 ts.
176 527 281 585 Clarius
296 529 477 596 demonstrat,
499 529 574 602 quod
586 530 611 584 si
621 528 689 583 deus
700 534 851 583 revertatur
865 549 868 553 ⁴

76 600 240 675 inanimam,¹
256 605 335 661 illico
352 604 389 681 [*]
404 606 567 660 monstrabit
584 620 643 658 eam
656 611 851 675 praegnantem

76 673 172 743 laetitia,
193 680 273 735 cuius
284 697 385 736 nomen
395 680 509 753 quidem
520 680 669 735 femineum
679 685 734 742 est,
756 685 852 732 natura
938 697 946 706 1

74 757 148 806 umen
156 755 319 811 masculina.
359 754 493 821 Quoniam
507 755 595 810 tristis
609 771 640 808 ao
655 748 796 808 dolorosas
812 760 854 811 est
881 796 886 807 .

74 823 123 891 ille,
141 845 220 900 aquo
235 830 307 886 deus
320 830 419 895 distat,
441 829 543 903 gaudio
555 846 621 885 vero
632 837 663 884 et
676 828 779 883 laetitia
792 827 853 898 ple-

74 915 128 966 nus,
145 905 187 959 cui
196 906 343 977 proximus
354 915 408 970 est,
427 906 465 961 ita
479 913 511 960 'ut
523 922 573 977 pro
588 904 691 959 laetitia
704 902 852 959 lucidiores

73 979 191 1048 recepisse
200 997 230 1037 se
240 982 384 1037 existimet
393 980 484 1035 radios
495 980 614 1052 desuper
627 979 732 1034 allatos.

76 1131 212 1201 Comanis
224 1138 308 1189 Sarra
320 1138 415 1190 dicensi
436 1134 519 1203 ,‚Nou
533 1138 589 1199 risi,·
613 1135 688 1186 amaia
706 1136 772 1184 euim.
809 1124 854 1184 'llo

171 1207 334 1257 autemdicit:
351 1204 423 1269 Non,·
440 1206 606 1259 sadducum
623 1206 676 1266 (18,
691 1204 742 1261 15.)

119 1314 154 1366 ⁴9.
172 1314 296 1371 Eventus
308 1316 409 1371 accidit
418 1316 540 1391 exempli
550 1315 661 1388 pietatis
674 1319 854 1383 opportunus,

75 1388 175 1455 Θ01111οά
188 1391 294 1446 viderit
305 1398 364 1445 tum
375 1390 420 1446 dei
430 1391 676 1465 magnificentiam,
697 1396 757 1446 tum
766 1388 856 1459 impo-

63 1460 169 1517 ¹tentiam
179 1464 212 1520 ad
222 1474 350 1539 partum,
369 1483 488 1539 eumque
498 1468 665 1541 proximum.
704 1463 759 1519 Ubi
769 1465 854 1528 enim,

76 1532 117 1599 iii,
141 1538 189 1596 ista
207 1541 300 1614 possit
318 1542 438 1616 gaudere
457 1542 601 1598 sinceriter
620 1539 713 1597 lucida
732 1557 764 1594 ac
781 1557 855 1594 mera

75 1605 174 1679 laetitia,
194 1634 284 1689 quum
295 1618 463 1694 circumdata
473 1619 510 1674 sit
521 1618 646 1679 tristitia,
667 1618 764 1672 timore
779 1616 857 1670 aliis-

75 1697 119 1751 que
130 1690 218 1746 multis
233 1693 386 1748 aerumnis.
424 1694 486 1750 Nisi
500 1692 568 1748 torte
583 1693 636 1747 soli
649 1691 762 1747 divinae
776 1698 857 1745 natu-

75 1773 113 1811 rae
123 1768 258 1836 proprium
275 1775 317 1823 est
330 1768 464 1842 gaudere,
486 1786 501 1823 a
515 1769 595 1831 cuius
605 1767 683 1841 regni
694 1766 798 1836 ditione
808 1782 858 1820 ex-

77 1829 155 1891 clusus
164 1850 202 1897 est
209 1844 325 1898 omnino
336 1861 368 1898 ac
378 1844 458 1918 longe
468 1845 638 1916 proscriptus
647 1858 753 1896 moeror
762 1841 858 1896 timor·
931 1838 935 1845 ’

76 1919 130 1975 que·
164 1914 261 1973 Anima
272 1918 365 1990 itaque
374 1919 482 1974 ridens:
504 1926 532 1974 et
543 1935 614 1990 quae
627 1916 748 1990 gaudere
760 1916 859 1971 existi-

76 1991 195 2067 11111111,
215 2010 245 2048 se
255 1994 346 2064 ipsam
356 1994 475 2068 subigit,
496 1994 675 2057 veritainse‚
698 1990 857 2047 neforteob

76 2059 176 2142 numiam
191 2067 375 2140 ignorantiam
392 2069 438 2124 vel
457 2068 589 2124 audacem
606 2067 857 2139 praesumptionem

76 2130 123 2187 ubi
140 2139 252 2211 arripiat
269 2139 381 2212 aliquid
400 2140 569 2205 divinitatis,
594 2140 670 2212 quod
689 2141 742 2197 soli
761 2142 856 2204 beatae

76 2214 174 2265 nonnae
182 2216 326 2287 proprium
338 2223 389 2270 est.
415 2214 494 2270 Unde
505 2222 651 2286 acceptans
660 2217 797 2287 propitius
807 2216 857 2271 ille

78 2287 100 2332 ti
116 2282 200 2342 dulcis
217 2306 248 2343 ac
268 2289 408 2345 beneficus
427 2291 513 2345 animi
536 2290 671 2362 pudorem
693 2291 854 2366 reverentia,

77 2358 184 2416 oratione
192 2370 218 2417 et
228 2365 325 2420 timore
338 2364 383 2420 'dei
395 2364 537 2430 affectum,
558 2365 626 2420 dicit
639 2366 680 2420 ei:
701 2366 765 2421 Noli
776 2361 858 2420 iime·

77 2443 116 2513 ΓΘ)
132 2449 183 2490 uon
200 2435 273 2493 enim
291 2439 398 2494 timoris
418 2449 459 2495 est
478 2457 536 2504 res,
558 2441 641 2495 itaut
657 2457 758 2512 negare
775 2439 856 2493 velis.

78 2499 161 2586 lusisti
175 2521 275 2585 ergoet
287 2514 388 2587 gaudio
403 2515 517 2586 impleta
527 2532 571 2580 es,-
585 2532 674 2586 quum
683 2531 734 2586 ego
744 2513 858 2566 daturus

80 2591 126 2632 sm
134 2582 182 2638 tibi
192 2588 323 2658 gaudere,
339 2597 479 2662 tamquam
490 2606 526 2646 ex
534 2589 609 2646 fonte
623 2591 716 2644 rivum
728 2585 858 2639 fluentem

81 2673 269 2696 x*

109 2721 305 2832 iiiiimvirm
596 2786 600 2795 =
632 2777 655 2826 n
