2050 3100
0 0 2050 76 ἡ

40 228 310 296 [mma]
436 233 518 277 IN
558 231 907 278 GENESIN.
948 233 1202 279 sERMO
1240 234 1326 279 1v.
1510 263 1516 268 -
1588 226 1689 282 267

43 334 404 406 guntionem
432 332 719 388 ostendere
748 342 952 405 potest,
994 334 1250 405 nihilque
1287 352 1357 389 ex
1391 335 1462 389 iis
1498 334 1684 398 rebuS,

45 423 221 479 quae
250 407 445 463 studio
475 416 530 463 et
556 409 761 463 virtute
791 408 995 481 dignae
1022 418 1171 464 sunt.

53 549 148 613 [Ἴ
197 546 370 605 Quare
417 548 600 597 dicente
643 548 811 597 Esau.-
870 548 1031 613 „Eyo
1077 563 1177 599 sum
1203 550 1344 611 filius
1381 560 1485 599 tuus
1511 551 1690 613 primo-

207 616 475 748 ἵὲξίταέζ(
501 616 669 746 )reeilit
694 625 843 680 pater
877 616 1215 666 detrectatione
1249 634 1428 683 mayna
1457 618 1598 667 valde
1610 617 1692 681 *)?

312 718 328 745 ,
457 698 498 732 S.

186 787 318 841 224.
371 784 615 839 Nimiam
642 800 771 838 cum
798 784 1274 839 commiseratione
1300 786 1582 840 miseriam
1603 786 1692 838 in-

63 859 228 913 dicat
249 860 378 913 eius
392 898 407 922 ‚
442 876 472 913 a
492 875 603 930 quo
622 858 992 913 recessionem
1017 858 1292 929 perfectae
1322 861 1691 914 renunciatio-

64 936 161 988 nis
195 933 366 998 facit,
408 950 472 987 eo
500 932 649 1004 quod
677 934 751 988 sit
778 942 1076 989 contumax
1094 934 1340 988 rebellis,
1420 934 1691 999 Quoniam

62 1010 331 1079 primum
350 1010 517 1077 filium
533 1024 593 1062 se
620 1022 789 1063 ausus
819 1017 904 1063 est
930 1015 1228 1073 ostentare,
1269 1010 1369 1080 qui
1395 1017 1458 1064 ut
1484 1008 1694 1081 impro-

67 1084 182 1139 bus
204 1097 397 1154 neque
418 1084 478 1137 in
499 1081 692 1139 servili
712 1082 907 1137 ordine
928 1084 1208 1156 putandus
1229 1082 1354 1138 fuit.
1435 1082 1691 1138 Secundo

70 1167 264 1214 autem
281 1199 294 1222 ,
322 1156 473 1229 quod
496 1158 659 1213 etiam
674 1160 1075 1226 primoyenitum
1094 1157 1273 1212 filium
1286 1199 1300 1222 ,
1331 1172 1504 1228 quum
1525 1157 1690 1229 paulo

72 1234 333 1289 anterius
355 1232 681 1288 vendiderat
707 1232 876 1287 miser
902 1247 1003 1305 pro
1033 1234 1237 1305 exigua
1262 1232 1544 1302 voluptate
1574 1230 1692 1301 pri—

71 1308 472 1382 mogenitium.
551 1306 691 1362 Nam
717 1306 855 1362 haec
884 1307 993 1365 duo
1024 1308 1225 1380 (filium
1254 1323 1374 1361 esse
1403 1313 1456 1360 et
1482 1306 1692 1377 primo-

76 1382 359 1456 genitum)
372 1379 667 1438 decernere
688 1387 742 1437 et
760 1381 872 1437 sibi
893 1384 1190 1438 conciliare
1210 1380 1484 1445 convenit,
1509 1380 1694 1451 inquit

180 1525 225 1571 *)
253 1522 395 1563 LXX:
440 1518 576 1573 ἐξέστη
600 1513 806 1562 ἔκστασιν.
857 1522 978 1564 Arm.
1009 1519 1052 1563 S.
1082 1519 1325 1572 Scripturas
1349 1520 1512 1562 versio:
1558 1522 1690 1561 mira-

78 1579 143 1613 tus
172 1579 234 1613 eu
261 1575 556 1612 affinio-mone.
608 1574 695 1612 Alii
718 1575 874 1613 volunt
896 1576 1008 1614 verti
1035 1584 1090 1613 ex
1107 1575 1180 1614 Gr.
1200 1575 1366 1624 expavit
1375 1582 1551 1622 pavore.
1604 1573 1692 1612 Me-

78 1626 166 1664 lius
195 1627 293 1664 erat
318 1625 450 1664 simili
473 1635 580 1665 voce
607 1625 770 1664 dicere:
817 1627 995 1665 ecstasin
1014 1635 1168 1674 passus
1197 1630 1256 1665 est
1281 1629 1355 1665 etc.
1415 1625 1579 1664 Auch-

84 1864 115 1899 a
136 1852 289 1900 recta
308 1844 579 1898 sententia
593 1884 607 1908 ‚
638 1844 792 1899 nullo
815 1843 1163 1898 liberalitatis
1183 1842 1394 1901 indicio
1413 1844 1695 1899 instituto-

84 1937 212 1975 rum
225 1959 238 1983 ,
283 1935 388 1973 neo
408 1918 597 1990 aliquo
619 1918 789 1991 digno
810 1918 1123 1973 sobrietatis
1143 1919 1345 1982 titulo„

94 2070 254 2129 Quare
282 2071 465 2121 dicente
493 2071 661 2120 Esau.-
697 2071 858 2135 „Eyo
880 2089 981 2120 sum
997 2071 1341 2134 primoyenitus
1349 2069 1488 2131 filius
1515 2080 1640 2131 tuus,
1659 2071 1693 2097 “

225 2155 351 2188 esces
396 2139 618 2188 sumentis
664 2141 880 2202 (accessu
923 2139 1119 2201 mentis)
1170 2138 1382 2187 detentus
1434 2147 1503 2187 est
1548 2145 1695 2200 pater

222 2205 363 2255 valde
397 2206 719 2255 vehementer?

203 2308 320 2363 224.
363 2308 702 2362 Incremento
732 2306 1001 2361 sermonis
1037 2312 1263 2359 extenso
1305 2304 1466 2360 lectio
1505 2313 1695 2359 notum

95 2381 249 2444 fecit,
305 2380 461 2452 quod
495 2379 641 2437 ultra
678 2381 907 2436 modum
947 2388 1310 2451 compunctus
1340 2387 1453 2435 est.
1541 2377 1696 2432 Indi-

100 2464 288 2528 gnatur
316 2469 565 2527 nanque,
609 2456 759 2527 quod
788 2457 970 2527 primo
996 2455 1228 2526 quidem
1253 2459 1418 2523 filium
1443 2470 1502 2507 se
1524 2452 1695 2506 confi-

99 2533 196 2585 teri
221 2540 665 2603 praesumpserat
692 2545 927 2603 prame,
970 2546 1041 2584 ne
1073 2529 1301 2601 quidem
1329 2527 1524 2582 famuli
1544 2526 1696 2580 ordi—

102 2620 219 2660 nem
236 2606 619 2676 promerendo.
697 2604 953 2661 Secundo
968 2645 981 2668 ‚
1024 2603 1176 2676 quod
1196 2605 1363 2657 etiam
1377 2605 1694 2668 primogeni-

107 2690 203 2734 tum
218 2677 433 2736 sedixit
452 2681 650 2746 filium,
674 2682 1046 2753 primitiarum
1065 2679 1371 2734 destructor
1387 2691 1487 2744 pro
1499 2672 1694 2757 frivola

106 2756 380 2811 suavitate.
460 2757 604 2811 Haec
621 2765 854 2828 utraque
875 2755 1090 2808 sancire
1111 2752 1248 2807 libet
1274 2748 1461 2820 (mara.
1485 2747 1696 2816 licebit)
