2050 3100
165 160 211 213 ilfi
286 163 475 210 PHIL..lUD·
495 160 659 219 QUAEST.
679 160 728 207 ET
748 160 830 205 SOL.
850 153 975 223 [umen]

162 278 335 348 dispensator
349 276 557 337 universorum,
579 273 712 344 quoniam
726 288 825 328 novem
839 274 974 330 musicae

163 352 277 407 chorum
289 350 373 422 lyrica
384 350 413 403 in
424 348 596 403 harmoniam
610 347 731 402 reduxit.
770 348 802 401 In
816 347 899 404 nobis
914 366 974 403 au-

162 436 218 481 tem
237 441 336 495 corpus
355 431 383 479 et
402 424 493 477 anima
508 430 535 477 et
549 431 655 493 septem
668 421 841 477 irrationales
853 430 970 493 partes,

163 518 240 555 mens
252 507 343 555 eutem
351 499 434 553 unica
444 500 570 569 portione
582 504 698 553 constat.
736 496 836 551 ltidem
850 496 887 551 do
900 498 972 553 istis

162 592 262 630 novem
276 573 502 628 distinctionibus
521 572 645 643 disponit
663 572 725 642 ipse
743 570 812 626 deus
832 570 968 635 verbum,

163 650 321 705 harmoniae
338 647 398 703 dux
415 648 616 720 princepsque,
642 664 657 700 o
676 662 733 717 quo
751 662 850 700 norem
870 656 971 717 partes

164 725 285 778 musione
300 724 478 779 concinnatae
492 730 558 777 snut
570 729 599 777 et
613 723 787 775 concinentes
805 722 907 774 cantici
923 729 972 775 te—

163 815 228 853 ncre
242 805 338 853 sonam
352 796 447 852 simul.
485 796 576 863 Quare
588 796 720 850 decadem
730 802 852 849 sancum
862 794 971 850 iatettrr

162 875 264 929 Moses:
305 872 465 927 naturaliter
487 874 585 943 utiquc
606 888 707 925 nonam
725 870 856 924 creationi
876 870 971 924 relin-

162 945 591 1019 quens‘etdecadcmdeivcrbc.
629 946 665 999 Et
678 943 970 1000 rererasanctadivi-

163 1039 253 1093 neque
268 1031 407 1095 personet,
431 1038 528 1077 vocem
541 1020 618 1075 illam
633 1019 805 1074 remissionis
819 1018 969 1073 celebrans

165 1108 302 1169 tamquam
318 1098 348 1152 in
362 1098 477 1152 canticis
488 1113 524 1151 ex
533 1095 677 1150 contrariis
687 1094 763 1149 sonls
771 1094 969 1165 oppositisque

163 1172 294 1239 vocibus,
310 1174 349 1229 itu
359 1180 390 1229 ut
398 1172 534 1231 mdesoat
542 1169 701 1229 hermoniae
710 1169 740 1228 iu
750 1184 837 1228 uuum
846 1176 874 1225 et
887 1167 969 1225 idem

164 1248 356 1305 commixtura.
395 1242 780 1309 Necessariocutemturibue
791 1242 968 1302 distribuens

163 1331 392 1394 praestaturum,
408 1330 436 1383 ει
445 1320 574 1381 manibus
584 1318 694 1383 decem,
714 1335 778 1378 nem
791 1318 969 1389 principium

163 1414 340 1467 numerorum
350 1405 501 1462 asturum,
517 1394 683 1452 mutuum
692 1392 788 1453 decos:
816 1402 968 1463 quaesunt

163 1470 400 1541 symbolarerum.
439 1470 574 1537 Quoniam
585 1468 682 1529 audire
690 1468 812 1539 primum
821 1469 966 1532 mevenit,

164 1542 265 1602 deinde
279 1544 400 1614 operam
434 1544 569 1604 discimus
582 1544 672 1610 euim,
692 1561 747 1603 nen
760 1552 793 1601 ut
809 1542 964 1608 dromus,

163 1617 213 1675 sod
226 1625 257 1678 ut
271 1633 429 1689 operemur:
459 1634 516 1690 qno
530 1627 627 1690 agatur
643 1620 782 1691 proportio
799 1617 968 1675 concordiae

163 1691 438 1760 uniuscumauditu.
477 1693 623 1764 Siquidem
636 1694 910 1764 utrumquoistorum
921 1702 968 1751 est

163 1767 346 1838 principium,
366 1783 452 1826 unum
465 1770 588 1833 numeri,
604 1769 721 1830 alterum
733 1768 886 1835 doctrinae,
912 1768 967 1823 de-

164 1858 209 1899 cas
224 1849 315 1902 autem
330 1842 508 1911 operationis:
538 1842 603 1902 finis
617 1845 692 1905 enim
706 1859 882 1904 uumsmrum
897 1841 967 1913 (de—

163 1915 219 1986 cas)
229 1923 270 1974 εει
280 1923 307 1973 ει
315 1931 398 1986 epora
408 1915 561 1982 doctrinae,
575 1933 631 1988 qua
640 1918 787 1979 discimus.
826 1917 966 1975 Porrcdi-

163 1989 262 2074 stincto
281 1998 322 2047 est
336 1989 427 2047 unitas
442 1991 476 2051 ab
491 2009 547 2049 uno
563 2007 595 2051 eo
609 1993 704 2057 modo.
724 2009 780 2065 quo
794 1993 907 2052 excellit
923 1990 963 2066 [Ἴ

164 2061 400 2149 distinguiturquc
419 2066 554 2138 originale
569 2067 711 2138 exemplar
725 2085 742 2123 a
754 2067 854 2126 torma:
885 2067 965 2122 indi-

164 2153 239 2195 cium
258 2145 299 2196 eet
318 2139 393 2199 euim
412 2141 503 2198 unitas
523 2149 551 2199 ct
564 2141 720 2201 similitudo
734 2143 848 2202 unitatis
862 2158 962 2198 unum.

163 2209 270 2297 Quare?
298 2211 433 2280 Quoniam
447 2232 535 2274 unum
548 2224 638 2286 potest
655 2225 684 2277 et
700 2216 850 2276 multorum
869 2216 965 2286 perfe-

163 2293 283 2344 ctionem
291 2288 462 2359 recipere,ut
471 2298 635 2355 armentum,
646 2290 757 2355 chorus,
770 2290 868 2352 tribus,
881 2306 962 2362 gens,

163 2361 314 2446 exercitus,
326 2363 439 2429 civitas,
451 2381 568 2436 quorum
578 2364 797 2437 unumquodque
807 2380 895 2422 unum
904 2374 962 2420 est:

162 2442 253 2492 unitae
265 2445 355 2496 nutem
366 2456 420 2498 noe
433 2447 522 2498 estex
534 2439 727 2504 multitudiue.
747 2441 814 2510 quia
827 2440 963 2498 immunis

163 2517 204 2562 est
214 2518 240 2564 et
251 2527 350 2583 expers
359 2514 592 2584 participationis,
615 2521 641 2567 ot
656 2514 831 2568 inconiuncta
845 2522 888 2568 ast
898 2531 964 2584 prc-

163 2591 222 2652 ptcr
239 2586 418 2641 solitudinem
438 2585 471 2660 (ε.
490 2587 733 2659 singularitetem),
755 2589 828 2645 sicut
841 2587 965 2643 declarat

165 2655 207 2710 vel
230 2675 329 2716 nornen
349 2662 451 2733 ipsum.
494 2661 571 2714 llanc
590 2677 655 2732 ergo
673 2661 807 2717 unitatem
827 2662 862 2718 ab
881 2663 963 2720 initio
