2050 3100
160 179 206 229 ΗΒ
235 184 333 229 PHIL.
352 184 425 229 lun.
444 182 610 239 QUAEST.
629 183 678 227 ΕΤ
698 183 776 227 SOL.
797 178 966 247 [neonem]

155 283 370 355 pulcherrimam
380 300 430 356 pro
441 282 583 337 iudicibus
594 290 621 337 et
631 282 803 339 iudicandis:
822 300 873 355 pro
883 285 964 340 iudi-

156 357 250 422 eibus,
271 375 305 411 ne
314 358 494 429 praeveniant
504 357 666 412 terrefacere
676 366 774 413 stante
784 367 896 431 tempus
907 376 963 431 pu-

156 434 215 487 nire
227 430 264 507 [*]
278 432 484 504 delinquentes,
506 432 555 487 sed
571 433 651 487 illum
666 434 716 504 qui
732 434 835 488 iniuria
846 432 962 489 affectus

155 507 279 571 videtur,
296 508 434 578 imprimis
446 508 556 578 plaeere
567 507 707 574 studeant;
734 516 760 563 et
769 525 819 579 pro
831 508 962 564 iudican-

156 582 213 646 dis,
226 590 257 636 ut
267 599 316 653 pro
326 581 385 637 illis
394 600 490 654 preees
502 581 618 637 fundant
629 582 742 655 (iniuria
753 582 865 656 affecti),
884 602 919 639 ne
931 586 960 638 in

155 656 284 713 omnibus
295 674 405 729 semper
414 658 550 713 sententie
560 657 660 713 iudicii
673 659 759 713 irruat
770 675 853 729 super
865 657 963 714 delin-

155 742 282 804 quentes.

226 889 305 947 Quare
324 892 387 941 vitae
404 888 497 939 Sarrae
517 890 575 939 anni
586 890 681 955 suerint
700 899 789 939 eentum
806 890 893 954 vipinti

434 962 538 1021 septem?
562 958 615 1021 (2³,
638 958 673 1017 l.)

211 1062 253 1114 ll.
279 1060 366 1115 Habet
380 1061 475 1131 quivis
489 1077 621 1115 numerus
639 1060 779 1131 propriam
798 1058 854 1113 sibi
873 1061 963 1115 ratio-

155 1153 347 1191 nemsaeram:
369 1144 488 1207 septem,
502 1143 529 1191 et
539 1136 653 1209 viginti,
666 1143 693 1189 et
703 1142 822 1189 eentum.
855 1134 963 1189 Verum

154 1212 239 1267 habet
249 1220 276 1266 et
285 1210 460 1267 concordiam
469 1210 696 1282 harmoniamque
707 1210 827 1283 partium
840 1209 963 1264 mirabi-

156 1287 224 1354 lem,
255 1304 320 1342 nam
335 1286 370 1341 ab
384 1287 488 1342 unitate
503 1294 610 1357 septem
627 1283 755 1358 (numeri)
775 1285 828 1339 sub
848 1283 963 1357 duplici

155 1364 259 1417 ratione
272 1369 405 1434 generant
420 1371 530 1417 centum
546 1362 648 1433 viginti
661 1371 779 1433 septem:
809 1358 877 1417 tales
892 1370 963 1415 sunt

154 1436 176 1489 Ι.
191 1438 225 1489 ll.
240 1437 286 1490 lv.
303 1437 376 1493 Vlll,
383 1436 455 1490 XVI.
467 1436 583 1489 XXXII.
594 1436 693 1501 LXIV,
713 1436 816 1509 quibus
827 1434 962 1492 coalescit

155 1519 265 1564 eentum
276 1510 378 1582 viginti
388 1517 504 1582 septem.

157 1664 205 1714 Onr
230 1675 317 1714 eertum
328 1666 391 1729 feeit
417 1665 491 1716 locum
516 1667 592 1716 obitus
614 1668 739 1732 (dieens):
773 1667 902 1734 „Mortuo
923 1681 963 1720 est

221 1734 246 1782 in
267 1732 362 1782 civitate
379 1731 471 1796 Arbae,
502 1750 563 1797 quoe
586 1743 621 1784 est
642 1736 666 1784 in
688 1737 802 1786 vallibus:
838 1737 898 1786 loeo
923 1747 961 1787 est

225 1800 333 1850 Chedron
351 1800 376 1848 in
394 1809 459 1849 terra
480 1799 638 1851 Olonaan“l
659 1804 712 1870 (23,
732 1806 769 1866 2.)

210 1903 253 1958 72.
269 1903 464 1974 interpretatur
473 1903 557 1958 Arbae
567 1907 628 1960 τῶν
637 1914 790 1976 quatuor,
802 1915 829 1962 et
841 1905 960 1962 Cteeron

154 1979 349 2032 coniunctio
368 1978 414 2032 vel
433 1979 580 2035 societas
600 1981 793 2046 mulierum,
830 1981 960 2036 Cleonaeo

154 2061 246 2106 autem
261 2053 354 2107 sicut
367 2055 539 2124 apparitio
554 2072 676 2110 eorum.

157 2224 238 2282 Qoore
254 2226 326 2277 dieite
359 2263 376 2290 ‚‚
388 2227 457 2277 Venit
473 2226 610 2292 Abrohom,
639 2239 664 2280 ut
679 2230 807 2294 plonyeret
825 2239 848 2280 et
866 2229 958 2294 leperet

207 2292 323 2366 Sorrom3
352 2305 376 2344 et
392 2296 496 2346 surrexit
516 2313 532 2344 o
551 2307 641 2346 mortuo
659 2301 743 2346 suo“?
762 2299 817 2363 (23,
838 2300 898 2359 28.)

209 2413 253 2468 73.
277 2413 429 2487 Diligenter
443 2423 470 2471 et
484 2416 609 2471 consulto
624 2416 696 2472 dixit
710 2421 858 2472 surrexisse
872 2433 925 2469 non
941 2417 957 2469 a

154 2487 248 2550 Sarra,
270 2488 321 2544 sed
334 2508 352 2544 a
363 2499 465 2546 mortuo
477 2508 534 2545 suo.
577 2491 762 2548 Proficiseitur
773 2498 864 2545 autem
874 2490 953 2556 illue,

153 2580 207 2616 non
221 2571 253 2618 nt
265 2571 414 2628 mortuam,
438 2565 488 2619 sed
502 2565 613 2621 Sarram
627 2568 770 2640 plangeret
785 2583 816 2619 ae
834 2567 953 2636 lugerem

153 2639 273 2692 naturali
292 2639 412 2710 quodam
430 2657 525 2696 sensu.
563 2639 698 2706 Quoniam
714 2637 750 2714 [⁴¹⁶]
767 2641 846 2698 decet
864 2641 957 2695 homi-

153 2728 217 2766 nem
237 2715 340 2769 virtute
358 2723 483 2770 ornatum
502 2716 614 2786 seiungi
633 2732 664 2768 ae
686 2716 782 2785 procul
799 2715 956 2770 habitares
