2050 3100
12 168 13 175 ἵ
65 191 224 267 [nerana]
245 202 286 247 ru
307 181 487 248 ceassiu.
509 198 702 249 sunnon.
830 197 864 249 95

64 312 134 367 tunt,
150 302 291 357 dicentes:
307 301 404 365 ,Οῑιι1
426 304 475 375 qui
491 305 633 376 ingressus
648 322 678 357 es
688 303 723 357 ad
731 322 797 368 nos,
814 323 863 358 eur

65 396 115 433 non
125 395 202 433 arnas
213 376 248 451 (s.
260 376 362 449 nescis)
371 380 529 433 conversari
540 378 687 433 nobiscum
698 376 735 453 [¹⁶]
747 388 778 433 ut
785 381 863 434 inco-

64 455 97 508 lis
105 454 243 526 propriis,
259 470 324 508 cum
333 452 436 523 quibus
446 470 517 525 opus
525 454 650 508 habuisti
665 453 822 509 cohabitare
835 464 862 509 et

65 530 196 583 aemulari
210 545 300 583 mores
315 529 436 600 regionis
449 528 577 598 nostrae?
599 537 691 584 nostra
702 530 776 585 enim
785 532 861 602 regio
911 554 914 559 ·

65 614 103 659 aa
111 604 217 668 libido,
231 611 261 658 et
269 604 316 658 lex
327 604 505 675 legitimaque
517 605 648 659 voluntas
663 606 862 677 concupiscen-

64 682 110 733 tia.
148 680 299 749 Postquam
318 680 411 749 itaque
429 679 609 751 permisimus
628 680 680 733 tibi
694 690 726 735 ut
739 681 861 734 advenae

64 754 148 809 libere
155 754 330 827 hicdegere,
346 755 536 825 praesumiene
547 755 630 808 etiam
638 756 767 810 resistere
776 764 808 810 ut
817 773 861 809 re-

64 828 161 885 bellis?
180 830 693 901 thuumoporteretteaequiescere,
708 831 818 885 iudicas
830 849 861 884 ac

63 905 201 960 diiudicas
216 914 279 968 res,
301 904 410 969 dicens,
433 904 508 975 quod
522 905 699 977 lraecturpia
710 916 791 969 sunt,
811 906 860 966 illa

63 980 185 1046 meliora,
196 979 388 1034 haeclroaesta
398 980 569 1051 nobiliaque,
578 980 629 1034 illa
638 982 709 1035 mala
718 990 747 1035 et
756 980 860 1053 impro-

61 1054 165 1119 banda,
182 1062 354 1109 comnmtans
366 1054 471 1125 aliquos
482 1057 511 1109 in
523 1056 667 1118 virtutem,
685 1056 800 1110 aliorum
811 1074 861 1109 au-

63 1142 114 1185 tem
132 1126 257 1185 malitiae
271 1146 427 1185 mensuram
441 1147 597 1203 apponens,
621 1129 671 1184 ubi
687 1132 860 1201 singulorum

63 1208 166 1263 entium
181 1205 363 1277 cupiditatem
377 1205 523 1277 &impleri
538 1206 603 1260 licet
621 1213 649 1259 et
666 1206 759 1258 omnia
778 1206 860 1258 istius

61 1292 147 1337 terrae
161 1282 274 1369 negotia
288 1279 323 1335 ad
337 1281 414 1335 illam
428 1280 543 1336 referri?
569 1282 643 1335 llaec
657 1279 860 1334 Sodomitarum

63 1357 296 1427 praestantique,
315 1355 860 1443 quamnonnullipuerorumauriliatri-

63 1450 118 1487 cem
127 1432 186 1487 sihi
197 1440 366 1517 nuncupant,
379 1439 409 1485 ut
417 1432 497 1505 pueri
508 1434 557 1503 qui
568 1433 598 1485 in
608 1432 785 1505 grammatica
795 1448 860 1502 prae
906 1492 910 1497 ,

63 1508 153 1564 labore
163 1502 220 1564 non
230 1507 385 1580 potuissent
392 1506 502 1580 aliquid
513 1506 630 1562 discere.

12 1701 14 1722 ,
65 1663 127 1719 Quid
143 1673 179 1714 eet
198 1663 382 1725 „Extendamus
396 1665 443 1717 orii
460 1679 543 1712 manua
562 1671 710 1712 attraxerunt
722 1663 771 1712 Lot
785 1663 820 1710 cd
835 1673 871 1710 se·

126 1731 192 1796 ipsos
213 1731 248 1780 in
262 1731 352 1780 domum
371 1741 393 1780 et
416 1731 498 1780 ostium
520 1729 601 1779 domus
624 1731 767 1792 clauserunt
797 1730 860 1778 viros

127 1798 337 1930 ppgenalgprpront
347 1797 481 1860 odoricum,
498 1808 665 1862 percusserunt
675 1799 790 1847 caecitate
796 1798 861 1857 “W

114 1970 158 2024 lo.
202 1968 265 2022 Tria
287 1967 423 2022 lecerunt:
458 1967 622 2054 hospitalem
646 1967 799 2030 salvarant
834 1978 861 2021 et

61 2044 160 2098 ostitma
175 2043 398 2106 clauserunt‚t
371 2051 398 2097 et
408 2060 455 2097 eos
466 2045 515 2113 qui
528 2043 734 2098 insurrexerant
746 2045 860 2114 vimque

64 2117 208 2182 iaciebant,
218 2117 410 2178 obcaecatum
430 2118 553 2172 Primum
564 2116 618 2171 fuit
630 2118 766 2174 iudicium
777 2137 860 2190 super

63 2193 212 2249 insolentes
226 2192 403 2258 libidinosoS‚
429 2200 458 2247 ut
473 2210 528 2247 non
543 2199 634 2246 essent
650 2190 677 2267 [*
677 2191 687 2267 ]
704 2195 860 2266 superiores

63 2284 108 2354 per
126 2269 305 2332 violentiam,
335 2263 385 2322 sed
407 2285 442 2322 ex
461 2267 576 2322 adverso
599 2268 792 2352 subigerentur
812 2287 861 2339 per

64 2343 115 2397 vim
130 2341 275 2402 fortiorem
290 2352 316 2398 et
331 2343 449 2398 convicti
464 2350 625 2415 cogerentur
638 2341 775 2398 dimittere
785 2361 857 2404 eum

64 2417 434 2486 queminiurlaafficiebant.
474 2417 634 2472 Secundum
641 2435 725 2481 uero·
738 2421 861 2472 coercere

66 2494 143 2548 verbo
158 2493 219 2549 ab
211 2505 340 2572 ingressu
355 2493 465 2556 domus
492 2501 519 2547 et
536 2509 618 2564 opere
634 2509 649 2546 a
668 2491 861 2561 consequenda

67 2569 213 2640 cupiditate
237 2564 348 2638 fineque
367 2569 426 2622 eius
445 2576 601 2622 remanente
622 2566 659 2636 (s.
680 2565 859 2634 exspectato)

69 2665 275 2682 *¹¹-

110 2709 131 2756 ¹)
157 2709 296 2748 Vocabulum
318 2708 376 2748 Arm.
398 2710 432 2747 hle
455 2711 580 2756 usurpatum
601 2707 628 2744 ad
649 2705 741 2752 syllabas
762 2676 863 2748 exprimit

71 2754 166 2800 Graecum
186 2769 295 2798 vocemu
283 2753 374 2810 ἆαέωορυ
400 2759 479 2799 Auen
579 2774 583 2788 ‹
