2050 3100
166 271 201 324 ⁶2
395 263 583 326 numerus
604 277 742 324 iunanr
883 273 972 340 [υἱ]
998 239 999 276 ἒ

166 377 203 432 lis
212 376 307 432 ridere
318 371 438 432 mentem
452 374 511 449 (seu
521 375 734 448 providentiam)
748 376 809 446 dei,
831 389 970 450 qnatenus

166 451 226 510 fieri
235 459 326 524 potest
336 453 455 507 hnmana
465 452 637 524 cogitatione,
648 453 808 509 solidiorem
820 471 853 526 ec
865 473 966 518 veram,

167 543 238 598 quae
249 525 284 582 ed
294 528 437 589 veritatem
446 534 497 592 est,
508 527 574 581 honi
585 527 723 599 recipiens
733 527 888 594 notionem,
897 530 969 586 ride-

166 601 210 655 bis
221 617 266 666 ea,
285 618 358 673 quae
368 600 443 672 apud
453 618 503 656 nos
512 609 590 666 sunt,
612 619 644 658 eo
657 601 738 658 modo
752 619 808 673 quc
820 613 904 662 antea
916 607 968 660 rni-

164 686 239 730 ratus
258 692 298 729 es·
340 675 457 746 Semper
471 676 551 730 enim
569 677 605 731 ob
625 677 777 732 absentiam
798 679 967 748 optimorum

164 749 331 805 honorantur
349 748 497 814 deteriora,
525 767 596 822 quae
615 751 727 808 iiiornun
744 760 840 810 tenent
860 753 964 818 inennu

165 822 360 894 apparentibus
369 832 460 879 antem
471 825 529 880 illis
539 834 675 898 prostrata
684 844 716 881 nc
724 825 859 898 depressa
868 845 965 884 sccun-

164 898 249 954 dariis
259 899 391 969 praemiis
401 908 528 970 contenta
537 909 611 957 sunt.

222 987 263 1048 ii.
283 982 472 1053 Admiratione
486 985 792 1057 itaqueobstupcscem
806 985 883 1042 illud
895 989 965 1042 divi-

163 1076 214 1119 nac
222 1060 328 1135 speciei
337 1059 440 1118 bonum
450 1059 665 1132 honestumque,
685 1060 795 1114 omnino
812 1061 961 1136 intelliges

163 1135 238 1206 quod
247 1134 321 1207 apud
330 1135 414 1193 deum
423 1135 494 1191 nihil
506 1135 608 1202 exiliis
619 1143 697 1200 antea
707 1133 789 1190 dictis
800 1151 851 1205 per
862 1154 894 1192 sc
905 1154 963 1209 pro-

162 1211 218 1282 prii
227 1211 293 1271 boni
303 1209 362 1266 loco
373 1210 489 1283 dignum
498 1209 625 1267 habitum
635 1209 681 1275 sit.
720 1207 962 1286 Quapropteume-
998 1261 999 1264 ,

163 1284 287 1347 tallcille
297 1286 403 1358 argenti
413 1285 625 1356 auriquetcrrae
633 1291 792 1355 suntpartee
801 1283 960 1348 deteriores,
998 1283 999 1330 ἶ

162 1360 348 1431 producendis
363 1360 457 1416 herbis
472 1367 578 1426 servata
592 1367 731 1430 crepante
741 1358 866 1416 residua.
908 1363 962 1416 Non
998 1359 999 1424 i

163 1444 206 1490 est
218 1437 294 1492 enim
307 1435 409 1492 similis
422 1433 498 1500 cibo,
524 1435 654 1513 sineque
669 1449 723 1488 non
738 1433 859 1499 vivitur,
882 1453 961 1508 opum

162 1512 310 1581 possessio.
349 1511 409 1566 Una
422 1509 463 1565 est
476 1510 591 1565 istorum
605 1506 729 1581 probatio
740 1506 884 1575 decisiva,
908 1512 963 1567 evi·
998 1547 999 1573 i

163 1586 232 1639 dens
247 1596 273 1641 et
288 1595 428 1651 constans,
451 1584 551 1649 fames,
574 1600 631 1655 qua
645 1585 832 1639 necessarium
848 1603 884 1641 ac
899 1586 962 1643 utile
998 1590 999 1637 3

160 1675 211 1731 pro
226 1662 340 1715 veritate
353 1661 523 1733 exploratur:
558 1658 638 1715 facile
654 1658 726 1713 enim
742 1659 892 1717 thesauros
902 1664 963 1717 uni-
998 1668 999 1691 ³

161 1749 256 1788 versos
271 1730 449 1790 commutabit
463 1734 545 1791 homo
559 1750 608 1806 pro
622 1734 722 1805 exiguo
732 1733 805 1788 cibo.
846 1734 963 1802 Quando

161 1824 225 1862 vero
236 1808 403 1864 abundantio
416 1811 526 1881 copiosa
536 1806 627 1871 rerum
638 1809 854 1883 necessariarum
864 1813 965 1867 mutti-

160 1881 230 1955 plici
239 1891 375 1955 proventu
384 1885 496 1939 omnino
507 1881 665 1951 redundans
674 1900 724 1954 per
734 1884 862 1939 civitates
869 1884 965 1942 fluxe-

160 1960 211 2022 rit,
230 1967 289 2013 tum
299 1975 348 2011 nos
361 1966 472 2012 naturae
481 1958 563 2014 bonis
576 1957 612 2035 [*]
623 1960 785 2032 gestientes,
808 1966 868 2015 non'
883 1964 915 2017 in
932 1964 964 2016 iis

160 2032 227 2087 solis
238 2050 356 2105 aequum
368 2030 497 2088 ducimus
510 2034 671 2105 persistere,
692 2035 889 2090 verumetiam
906 2054 964 2092 crn-

159 2108 255 2180 puiam
269 2116 296 2163 et
310 2106 484 2173 edacitatem,
510 2108 677 2181 quamquam
692 2109 856 2180 pessimam,
881 2112 963 2167 nobis

161 2183 261 2240 ducem
272 2180 405 2248 iacientes
419 2184 525 2257 argenti
540 2184 654 2256 eurique
667 2184 898 2255 possessionibus
911 2189 963 2242 im-

160 2261 311 2333 mergimur
324 2259 447 2315 omnino.
484 2258 606 2326 Quorum
621 2257 714 2332 vice*)
728 2258 830 2314 lucrari
851 2260 963 2333 aliquid

160 2344 300 2407 sperantes
311 2334 473 2390 altercamur
480 2334 565 2390 etiem
572 2340 718 2389 caecorum
728 2335 827 2406 instar3
840 2350 898 2391 nec
908 2338 962 2392 iam

160 2411 279 2482 amplius
301 2419 391 2466 mente
412 2410 538 2465 videntes
560 2409 596 2465 ob
621 2410 803 2481 pecuniarum
825 2426 960 2475 amorem,

159 2484 234 2555 qnod
252 2485 366 2540 interra
380 2493 445 2540 sunt
459 2484 546 2540 iustus
564 2484 620 2556 (voi
635 2486 725 2539 terrae
736 2486 960 2559 annumeres),

158 2574 277 2686 puppam
287 2560 418 2615 causave!
428 2560 458 2613 in
468 2560 530 2631 ipsa
539 2576 606 2631 pace
617 2559 747 2631 frequens
757 2565 784 2613 et
793 2558 961 2617 continuum

178 2648 273 2687 eum.

206 2769 229 2813 ¹)
253 2770 317 2817 Legit
339 2773 411 2820 itaque
434 2771 497 2811 Arm:
516 2764 572 2815 ivri,
592 2782 645 2821 pro,
669 2773 706 2812 nbi
726 2772 762 2813 Gr.
783 2773 824 2813 ieri
842 2770 918 2823 ἕνα,
942 2779 964 2815 si

156 2815 243 2862 aliquid„
269 2819 350 2860 Anoh.
