2050 3100
50 138 179 206 [notua]
200 145 250 190 DE
269 145 546 193 Puovlnuuurn
563 147 690 194 SERMO
709 149 740 193 11.
821 143 854 194 65

49 245 239 314 vibrationes3
259 254 391 301 attentare
404 255 432 301 et
446 246 584 319 linguam,
607 265 641 302 an
651 249 688 303 sit
697 249 855 320 asperioret

50 319 219 392 maliloqua,
236 321 281 376 vel
292 320 397 376 detorta
406 322 436 377 in
446 338 530 378 unam
539 331 646 394 partem
656 340 687 378 ac
699 339 795 378 carens
805 340 855 378 cu-

48 396 144 464 stode;
174 404 305 451 attentare
319 406 347 451 et
358 406 496 462 ventrem,
527 413 562 453 an
576 398 728 454 insatiabili
743 398 856 454 laxitate

48 471 231 539 intumuerit3
252 488 349 529 omnes
363 471 484 542 denique
493 473 606 528 omnino
615 473 724 528 morbos
732 474 856 546 aegritu-

50 545 204 616 diuosque,
225 546 251 600 si
266 547 415 601 mixturam
427 543 464 620 [Ἴ
477 547 600 618 aliquam
613 547 761 604 admisisse
775 548 856 603 vide-

50 629 136 675 antur
145 620 287 694 (animae),
306 622 437 686 scrutari,
457 639 493 678 ue
506 625 651 694 priventur
659 624 775 678 sanitate
784 625 855 694 ipsis
875 635 879 646 ·

50 697 246 750 conveniente.
285 697 365 750 Nunc
378 705 469 751 autem
485 699 653 752 exteriorum
666 699 806 753 radiorum
820 699 856 752 il-

51 771 191 826 luminati·
200 770 339 836 claritate,
372 771 551 844 intelligibile
570 771 663 829 lumen
685 773 782 829 vidore
801 791 856 828 nori
939 777 943 783 '
1011 794 1013 803 ³

49 853 184 918 possunt,
198 854 282 917 atque
292 847 330 901 ita
338 846 496 901 oberrantes
505 845 607 902 frustra
616 849 761 903 insumunt
769 848 856 903 vitam

49 937 148 983 suam,
163 921 411 993 regiumoonclave
422 921 556 992 attingere
565 921 640 976 baud
650 923 788 987 valentes,
806 923 856 978 sed

49 1011 145 1066 usque
154 995 190 1050 ad
198 996 369 1051 vestibulum
379 1004 473 1067 portae
483 1012 564 1068 aegre
574 997 777 1067 pervenientes,
784 1011 856 1068 quac

48 1087 105 1142 pro
112 1071 224 1126 virtutis
234 1070 341 1126 loribus
350 1072 406 1126 sint
415 1087 496 1140 opes,
510 1070 641 1142 gloriam,
661 1072 805 1128 sanitatem
816 1071 858 1126 al·

49 1145 247 1216 tiniaqucietis
256 1146 348 1201 mirati
359 1145 483 1200 adorant.
512 1145 706 1201 Verumtamen
715 1147 789 1200 sicut
798 1163 857 1200 ma*

48 1223 96 1276 ior
104 1237 237 1276 excessus
245 1230 287 1277 est
300 1220 469 1284 dementiae,
491 1219 526 1274 ad
537 1221 699 1275 electionem
709 1235 803 1275 rerum
812 1221 857 1276 vi-

48 1294 182 1352 sibilium
187 1293 214 1368 *l
220 1313 316 1351 caecos
327 1295 435 1351 iudices
445 1294 578 1350 adbibere
590 1303 637 1350 aut
647 1295 746 1350 surdos
754 1312 805 1366 pro
815 1303 857 1350 to·

49 1371 99 1426 nis
109 1371 263 1426 meandum
273 1373 413 1426 musicen:
428 1371 470 1425 sio
480 1371 562 1426 etiam
573 1370 854 1442 improbosbomines,

49 1445 104 1505 ubi
114 1439 251 1518 igiturne
261 1447 534 1514 veritatebonorum3
547 1446 678 1518 quoniam
688 1447 736 1502 isti
744 1446 856 1518 proprie

49 1520 237 1578 dominatrice
246 1523 276 1577 in
287 1539 334 1578 eos
345 1531 436 1579 mente
446 1521 588 1578 obcaecati
597 1529 672 1586 sunt,
683 1535 855 1595 superquam

48 1596 181 1655 tenebras
190 1596 342 1670 profundos
352 1598 514 1669 insipientia
524 1595 630 1653 offudit.

111 1704 156 1759 24.
182 1701 255 1769 Quid
270 1704 363 1775 itaque
378 1704 511 1758 miramur
527 1701 631 1767 adbuc,
651 1702 676 1756 si
691 1700 816 1758 Socrates
831 1710 857 1757 et

49 1778 103 1833 alii
114 1777 275 1834 huiusmodi
286 1779 352 1833 iusti
364 1778 489 1833 homines
501 1776 538 1853 [*]
551 1779 580 1832 in
591 1786 750 1850 paupertate
760 1777 857 1833 deces-

48 1851 167 1908 serunt?
195 1854 340 1917 Homines,
358 1855 408 1925 qui
423 1853 494 1909 nibil
510 1870 641 1925 umquam
651 1854 779 1909 utilitatis
790 1870 857 1907 suae

48 1944 138 1983 causa
151 1928 240 1983 moliti
250 1936 324 1993 sunt,
337 1946 433 1983 verum
445 1931 528 1984 etiam
538 1930 563 1983 si
573 1928 642 1999 quid
651 1928 775 1984 oblatum
786 1927 856 1982 luis-

49 2012 95 2058 set
111 2002 147 2073 ab
162 2004 259 2058 amicis
272 2003 413 2076 opulentis
428 2003 550 2075 plurima
561 2003 769 2075 possidentibus
780 2004 856 2075 ipsa-

48 2092 110 2150 que
120 2093 217 2151 regum
226 2079 297 2133 dona
307 2094 420 2151 magna,
433 2078 462 2133 id
473 2095 584 2151 quoque
595 2095 725 2150 respuere
735 2092 855 2147 aequum
866 2119 868 2124 .

50 2146 207 2209 duxernbt:
237 2155 370 2225 quoniam
380 2154 467 2208 solam
477 2154 589 2208 virtutis
599 2154 856 2223 possessionemar-
902 2165 904 2168 ·

50 2230 150 2284 bitrati
158 2238 224 2284 suut
233 2228 337 2284 bouum
346 2246 408 2284 esse
420 2237 447 2283 et
455 2228 615 2291 honesturn,
628 2229 674 2281 cui
681 2226 806 2291 studium
814 2226 855 2280 la-

49 2305 131 2361 boris
154 2304 345 2375 impendentes
369 2312 467 2358 cuncta
490 2303 562 2358 bona
581 2300 781 2371 despiciebant.
821 2301 855 2355 Et

48 2397 122 2435 sane
139 2382 203 2450 quis
222 2396 277 2447 non
297 2380 448 2433 contemnit
465 2376 541 2449 quod
560 2374 747 2431 adulterinum
766 2382 808 2429 est
822 2392 855 2429 ac

49 2448 189 2519 alienum,
211 2464 238 2509 et
252 2454 327 2525 quod
341 2470 439 2509 verum
452 2462 494 2507 est
508 2460 534 2507 et
554 2450 720 2523 genuinum,
743 2450 854 2520 assequi

104 2595 128 2644 ⁴¹)
147 2595 207 2635 Arm.
221 2562 366 2644 adsylllabas:
384 2595 550 2643 massonam:
572 2591 628 2630 uirile
644 2593 704 2639 patet
716 2601 765 2629 eum
778 2590 855 2638 legisse

49 2643 76 2687 in
89 2646 164 2686 codice
176 2656 216 2685 erro
229 2645 312 2685 Graeco
325 2643 445 2696 χρημάτων.
470 2643 513 2683 Sed
530 2642 606 2682 mellus
619 2640 733 2690 legendum
748 2640 787 2679 mit
798 2653 856 2690 χρω-

50 2694 139 2750 μάτων,
159 2699 259 2737 comm.
284 2696 365 2737 Auula.

88 2747 202 2798 Purser
221 2748 294 2799 Vlll.
626 2744 648 2793 Ε
