2050 3100
172 268 221 320 150
397 272 582 319 urimonte
600 270 739 319 lunam
870 265 966 335 [ΒΜ]

226 375 270 427 73.
295 374 399 428 Pauo.
423 372 539 429 Mirifice
553 389 619 427 sene
633 388 677 427 res
693 379 748 435 est,
768 372 964 445 oLyeimache,

170 450 313 521 maiorque
322 449 418 503 aetatis
427 455 559 519 tempora,
572 449 609 503 ita
618 455 649 501 ut
659 453 803 517 stuporem
813 447 965 519 lacerepos·
991 508 992 523 ,

171 524 273 579 sitnon
282 522 371 579 solum
380 523 505 587 rusticis,
524 539 621 577 verum
631 522 714 576 etiam
723 522 873 579 instructis
883 522 964 595 philo·

171 600 280 671 sophia.
308 598 367 669 Ego
375 598 468 668 itaque
478 614 532 651 non
542 613 621 651 careo
631 595 724 651 studio
734 595 904 651 huiusmodi
913 614 964 651 ver·

170 674 283 736 borum,
304 670 354 728 sed
366 687 402 727 ex
416 672 557 730 iuventute
572 672 601 725 in
610 670 668 727 ¹hac
677 671 800 724 nutritus
811 689 880 725 sum
890 672 963 727 disci·

169 747 247 819 plina
257 744 293 801 ad
302 744 496 800 inveniendam
507 746 659 809 veritatem,
673 752 755 815 atquc
766 747 917 801 nominum
926 763 964 798 re·

170 822 305 875 nustatem
320 821 606 892 interpretationisque
620 818 788 874 celeritatem
799 836 858 875 non
869 821 963 875 medic

170 896 251 949 criter
261 896 381 968 percepi,
393 894 443 949 sed
454 902 527 949 certe
537 902 562 949 et
573 911 637 949 vere
647 894 722 949 novi.
746 892 890 960 Quoniam
901 892 963 949 haud

170 970 327 1043 ignoranter
336 978 362 1025 te
372 986 430 1025 rem
439 969 581 1041 percipere
592 968 776 1033 monstrabas,
799 968 873 1023 dum
883 970 965 1025 decla·

171 1062 260 1099 mares
268 1040 304 1121 [*]
312 1044 395 1101 verba
404 1044 494 1108 citata,
507 1053 576 1099 nutu
588 1044 716 1117 continuo
727 1043 830 1114 capitis
840 1046 895 1109 tui,
907 1042 964 1117 quid

170 1136 273 1191 quaeso
282 1127 401 1191 putares,
413 1119 438 1173 si
448 1121 541 1190 ipsum
551 1118 660 1174 audires
671 1116 830 1191 legentem?
848 1120 922 1175 Mihi
931 1120 965 1173 vi·
992 1176 993 1181 χ

171 1194 281 1251 deberis
300 1212 357 1249 rem
376 1194 458 1249 altius
473 1196 617 1267 concipere
632 1192 666 1247 ad
681 1194 768 1247 instar
781 1192 966 1250 divinantium
992 1190 993 1197 '

171 1289 246 1326 sacra
258 1269 377 1343 quadam
387 1270 507 1336 insania:
537 1269 668 1340 quoniam
679 1267 786 1322 illinon
798 1269 922 1325 eandem
932 1287 967 1323 re·
992 1264 993 1295 ³

170 1346 335 1401 velationem
354 1360 384 1398 se
403 1345 542 1415 accepisse
556 1344 638 1399 dictis
653 1342 809 1407 declarant,
830 1360 921 1415 quam
934 1344 968 1399 la·

171 1421 247 1477 ciunt
257 1428 379 1475 auctores
390 1426 416 1473 et
430 1427 665 1473 commentatores.
703 1416 884 1490 Quapropter
899 1418 967 1475 aliud

171 1503 225 1560 est,
246 1494 356 1566 quando
370 1492 424 1547 huc
438 1493 506 1547 illuc
522 1492 660 1548 versatilis
675 1492 847 1563 comperitur
859 1494 967 1568 praedi-

171 1570 225 1624 ctio
240 1569 352 1642 linguae
367 1576 394 1622 et
411 1586 460 1640 per
478 1570 626 1622 terminum
643 1568 698 1623 oris
719 1565 811 1632 finita,
834 1577 864 1623 et
887 1569 965 1632 alind,

164 1642 281 1713 ‚quando
290 1661 325 1698 ex
336 1643 425 1697 anima
439 1642 616 1697 moderatrice
630 1641 776 1713 producta,
796 1641 968 1700 instrumen-

170 1725 230 1773 tum
239 1718 316 1772 vocis
326 1716 440 1789 pulchre
450 1721 595 1787 coaptans,
610 1716 736 1772 decenter
746 1721 931 1787 pronunciat.

225 1840 269 1893 74.
289 1841 390 1896 Verum
403 1843 478 1896 enim
494 1858 557 1897 vero
572 1843 658 1914 patris
671 1849 719 1896 aut
732 1843 831 1896 matris
847 1843 888 1900 ad
899 1853 967 1901 natos

170 1911 276 1968 allectio
286 1930 340 1969 non
350 1915 432 1971 habet
442 1932 550 1987 parem:
581 1917 640 1970 veri
651 1924 741 1972 tamen
752 1927 906 1987 parentes,
927 1919 967 1991 qui
993 1933 994 1942 ¹

170 1988 323 2044 secundum
340 1991 485 2048 scientiam
491 1991 634 2062 sapientes
649 1999 726 2056 sunt,
746 2007 837 2064 quum
852 1994 967 2050 referant

170 2079 234 2118 suas
253 2065 439 2129 inventiones,
461 2065 613 2122 admiscent
631 2082 694 2121 cum
713 2065 806 2120 verbis
827 2067 967 2124 inenarra-

170 2137 257 2193 bilem
274 2139 421 2210 quamdam
441 2139 611 2196 allectionem
626 2139 660 2194 ad
675 2137 825 2199 auditores.
867 2141 908 2199 At
922 2160 966 2198 non

169 2230 263 2284 pauca·
272 2232 326 2278 una
338 2232 401 2270 cum
411 2215 571 2272 nominibus
581 2215 729 2286 verbisque
738 2213 905 2273 conduntur
916 2217 967 2274 vel·

170 2296 202 2343 ut
216 2289 245 2342 in
258 2289 398 2355 thesauro,
420 2291 526 2361 inquis.
569 2291 701 2347 Decentcr.
713 2306 745 2344 ac
759 2293 964 2347 convenienter.

169 2363 228 2434 Ego
241 2372 331 2418 tamen
346 2381 411 2437 erga
424 2372 663 2420 commentatorem
673 2363 886 2420 inclinationem
899 2377 965 2422 tuan

170 2437 267 2505 miror,
294 2440 332 2493 ita
342 2441 416 2495 enim
425 2440 542 2494 verbum
551 2439 620 2494 mihi
631 2455 740 2492 narrare
750 2437 874 2504 videris,
892 2450 966 2496 utet·

170 2511 225 2563 iam
236 2511 271 2565 ab
281 2512 342 2582 ipso
350 2515 495 2583 scriptore,
507 2511 619 2583 quando
630 2512 724 2586 legens
733 2510 919 2583 publicabat,
931 2515 966 2570 ni·

169 2582 210 2635 hil
222 2583 330 2638 differre
342 2585 484 2640 videreris.

224 2704 267 2755 75.
290 2707 374 2760 Miras
388 2715 479 2761 autem
487 2707 673 2764 adolescentis
683 2677 861 2780 quaestiones
871 2729 969 2768 recen·

169 2778 219 2832 tes,
236 2791 320 2830 novas
331 2780 555 2852 multiplicesque
563 2781 774 2840 adinventiones
784 2791 811 2840 et
820 2787 969 2842 nominum
