2050 3100
51 225 93 290 [11,
110 222 170 289 598]
336 243 340 253 ‘
366 230 416 275 DE
434 230 537 277 IONA.
802 224 852 279 139

51 346 165 401 quoque
184 327 268 383 habet
288 330 439 401 ingentem.
487 328 622 396 Quoniam
644 348 719 386 nunc
742 333 852 387 veniam
939 341 944 349 ⁴

51 403 208 460 concedens
228 411 336 459 nostrae
356 402 512 477 fragilitati,
535 423 609 460 nunc
622 423 672 477 pro
686 406 757 462 dono
770 424 852 479 prae·

51 490 130 535 stans
147 478 293 549 pulchram
312 479 455 534 scientiam
469 496 561 544 suam,
582 482 643 551 ipss
657 482 808 552 permansit
821 484 851 537 in

52 555 165 627 propria
174 552 322 625 dignitato,
339 570 393 607 non
403 555 492 608 visus.
531 554 611 610 Dedit
621 556 802 611 tamennobis
815 557 851 612 ad

53 628 207 685 videndum
216 646 246 682 se
258 627 366 693 oculos,
387 628 460 683 datis
474 630 572 684 mundi
587 630 743 696 elementis,
764 632 849 695 caelo,

53 704 125 767 sole,
138 703 218 767 luna,
233 702 311 757 stella
322 705 455 758 matutina
464 704 707 778 multitudinisqus
717 714 851 763 astrorum

54 777 210 834 harmonia:
245 776 320 847 quod
334 778 359 831 si
373 778 466 849 ipsum
481 779 612 835 artificem
626 798 681 835 non
694 781 848 845 videamus,

52 872 102 925 per
123 854 176 908 ista
196 851 341 907 artificiose
360 850 431 907 lacta
454 869 588 924 queamus
611 856 704 925 ipsum
727 874 849 912 noscere.

51 930 113 983 Non
123 927 191 983 satis
201 935 258 981 erat
268 926 303 981 ad
313 928 533 999 cognoscendum
543 928 686 985 manifeste
699 929 783 985 deum
797 931 852 1002 (vi-

51 1002 128 1075 dere)
140 1002 248 1057 caelum
258 1018 341 1073 super
351 1004 411 1057 ae'ra
421 1004 551 1075 positum,
567 1010 616 1057 s'eu
626 1021 710 1076 super
719 1005 852 1059 invisibi-

52 1079 92 1133 les
103 1077 238 1149 quasdam
248 1077 389 1132 columnas
399 1076 554 1133 firmatum?
571 1079 631 1133 Non
641 1078 851 1133 eratsuificiens

52 1154 93 1209 sol
109 1152 146 1207 ad
160 1151 357 1208 notificandum
372 1154 510 1226 aurigam,
532 1169 618 1224 quum
632 1154 693 1224 ipse
707 1169 851 1224 mensura·¹
895 1201 900 1213 ,

52 1239 108 1283 tam
123 1226 229 1283 habens
244 1236 382 1292 naturam,
404 1244 439 1281 ex
453 1227 591 1282 invisibili
605 1226 725 1299 quadam
743 1227 848 1290 dextra,

51 1303 211 1359 extenditur
230 1302 260 1356 in
277 1303 439 1357 universum
457 1301 611 1357 mundum‘l
639 1301 850 1358 comburentem

51 1379 131 1435 illam
140 1386 266 1455 naturam
275 1378 350 1432 intus
360 1378 389 1431 in
406 1378 502 1450 apside
518 1378 666 1443 conclusit,
686 1376 785 1432 caloris
801 1394 851 1431 au-

50 1464 106 1509 tem
121 1470 204 1507 usum
222 1453 408 1507 necessarium
426 1469 476 1524 per
494 1452 586 1507 radios
606 1452 752 1526 irrigantes
770 1469 851 1524 prae-

51 1538 118 1597 stat3
155 1528 227 1583 radii
244 1524 280 1602 [*]
297 1536 387 1583 tamen
407 1527 452 1584 dei
472 1526 581 1600 opificis
600 1544 654 1584 non
675 1528 851 1584 circumscri-

49 1603 137 1660 bendi
153 1603 271 1658 dixerim
286 1603 405 1675 apsidis,
428 1603 610 1676 adimplentes
620 1605 851 1660 circumscribunt

51 1681 227 1742 universum,
259 1679 331 1733 circa
350 1678 484 1733 mundum
504 1678 699 1750 splendoribus
717 1680 847 1744 extensis,

50 1754 242 1826 praedicantes
258 1752 292 1808 de
307 1753 359 1810 deo
374 1752 463 1826 deque
478 1761 535 1809 arte
549 1771 599 1809 sua
614 1755 643 1808 in
653 1754 771 1811 excelsis
780 1773 850 1828 pen-

49 1831 142 1885 dente.

107 1936 151 1990 3i.
178 1933 228 1990 Sin
242 1941 334 1989 autem
347 1931 485 1989 haee-non
500 1934 674 1990 sufficiebant
688 1933 723 1989 ad
732 1933 850 1989 manife-

52 2009 183 2068 standum
193 2007 309 2082 (deum),
324 2009 354 2062 in
364 2009 481 2080 reliquis
491 2025 562 2080 qnae
572 2010 696 2082 quotidie
707 2019 824 2082 aguntur
835 2027 849 2062 a

52 2087 117 2150 deo,
139 2083 234 2140 oculos
248 2100 367 2160 aequum
381 2092 438 2138 erat
451 2084 613 2158 praefigere.
651 2084 724 2151 Quid
739 2092 780 2138 cst
797 2083 850 2137 hoc

52 2161 141 2216 noctis
156 2159 249 2223 sidus.
271 2157 346 2231 quod
358 2159 457 2231 incipit
470 2160 550 2230 quasi
561 2159 596 2214 ab
606 2161 666 2214 aere
676 2167 766 2225 ortum
776 2158 850 2211 acci-

51 2253 116 2306 pere
131 2243 158 2289 et
173 2234 211 2288 ita
226 2241 394 2289 constantem
408 2250 473 2305 prae
488 2251 518 2290 se
533 2232 585 2288 lert
595 2234 758 2305 sapientiam
768 2231 849 2302 opili-

51 2312 104 2374 cis,
126 2309 209 2380 qnasi
224 2316 411 2363 mensuratum
426 2308 461 2364 de
471 2309 517 2380 die
528 2311 556 2364 in
570 2308 644 2364 diem
654 2307 795 2377 suscipere
805 2306 849 2358 in-

49 2392 234 2448 crementum,
256 2391 282 2438 et
296 2400 407 2438 rursum
419 2382 517 2438 itidem
527 2384 618 2439 denuo
628 2380 789 2436 accretionis
800 2378 849 2432 de—

51 2466 221 2514 crementum
240 2459 376 2530 recipere,
398 2475 433 2513 ns
450 2459 515 2531 plus
535 2474 660 2513 crescens
678 2456 742 2527 plus
763 2470 850 2525 aequo

51 2534 197 2598 concedat,
219 2549 309 2607 nequa
323 2533 409 2588 radiis
424 2533 539 2589 defectis
557 2532 663 2587 tardius
681 2536 847 2605 nasceretur,

50 2608 101 2664 sed
115 2609 219 2680 primos
234 2609 264 2663 in
279 2608 416 2664 nascendo
431 2608 591 2680 splendores
606 2622 669 2660 cum
684 2603 768 2659 altera
778 2602 851 2656 nati-

49 2686 134 2740 vitate
153 2683 307 2756 adiungens
326 2684 355 2738 in
376 2683 429 2738 fine
447 2685 509 2754 ipso
528 2681 697 2736 nativitatem
717 2673 851 2748 attingat?

49 2759 122 2815 Haec
136 2767 228 2813 autem
243 2759 324 2816 l'unaa
338 2759 441 2820 mentio
455 2758 547 2812 lcc'um
561 2753 639 2809 cedat
652 2754 742 2827 magis
755 2749 850 2825 prodi·
