2050 3100
154 163 202 218 tat
319 176 322 199 ι
397 168 514 213 anino
533 165 701 213 ronanus
834 161 950 228 [risse]
1009 158 1011 234 J

152 276 248 325 rantes
258 268 450 324 extendebant.
490 267 627 322 uteorum
637 264 892 339 supplicationibus
901 285 951 322 nec

152 346 233 401 turbo
247 344 393 399 sedabatur
408 358 498 414 neque
507 343 587 397 navis
596 344 626 396 in
635 344 729 414 quiete
739 342 880 407 cessabat,
902 344 951 398 sed

152 422 244 493 potius
262 421 367 474 sonitus
381 417 514 473 flnctuum
532 418 720 472 vehementior
738 418 908 473 reddebatur
925 429 952 473 ot
1009 455 1011 493 ξ

153 494 232 551 flatus
251 504 394 550 ventorum
413 493 559 549 violentior
575 492 664 547 lactus
689 495 718 549 in
754 494 951 565 navigantium

153 572 269 625 exitium
283 578 378 625 mutuo
395 568 548 623 certabant:
578 569 702 641 gurgites
719 568 884 640 operiebant
901 587 951 623 na-

152 648 224 708 vim,
244 654 270 699 et
280 646 356 699 venti
367 653 428 698 ante
438 644 642 698 immersionem
651 643 731 698 navis
741 643 892 700 studebant
901 662 951 699 ex-

152 728 244 774 catere
253 720 415 773 exsistentes
424 720 453 773 in
463 718 537 772 navi.
558 719 615 773 Nec
622 718 723 772 mirum
733 716 868 782 fortassis,
879 735 951 791 quo-

152 796 225 847 niam
236 802 326 847 aestus
332 792 460 847 hiemalis
468 794 544 850 intus
553 801 612 848 erat
621 794 731 856 innavi,
742 802 769 847 et
779 810 865 865 super
874 811 949 849 mare

152 868 306 941 agitabatur
327 869 525 927 exaestuatio„
553 866 626 933 Quid
645 884 709 943 ergo
727 872 782 922 non
801 868 950 924 sedabatur

150 942 288 1015 procellat
307 942 416 1014 Quippe
425 942 515 1013 quod,
535 951 566 1002 ut
575 942 645 998 mihi
656 942 766 1006 videor,
788 960 877 1014 quum
889 962 948 999 am·
1009 961 1010 964 ¹

150 1018 278 1091 plissima
287 1016 395 1072 llamma
406 1016 620 1089 comprehendat
629 1018 743 1082 silvam,
763 1017 842 1073 nulla
856 1029 901 1074 est
911 1017 948 1093 [Ἴ

151 1096 311 1159 exstinctio,
333 1094 376 1147 sin
391 1102 481 1150 autem
495 1093 583 1147 silvae
596 1094 740 1148 materiam
752 1094 817 1164 quis
832 1094 948 1156 auferat,

152 1171 227 1243 ignis
237 1185 347 1241 quoque
357 1169 508 1223 exstinctus
518 1168 671 1224 invisibilis
681 1168 720 1224 fit.
745 1168 851 1224 Pariter
861 1168 950 1225 donec

150 1244 256 1301 ibidem
270 1252 326 1299 erat
340 1242 485 1315 propheta,
505 1242 633 1299 hiemalis
648 1244 779 1317 agebatur
790 1253 883 1300 aestus
895 1244 951 1300 ier·
1009 1285 1011 1307 ,

150 1338 232 1389 vons3
255 1338 288 1376 eo
298 1327 388 1375 autem
398 1316 508 1373 absente
522 1318 599 1389 pacis
608 1320 721 1394 signum
730 1319 835 1375 aderat.

205 1450 231 1498 9.
250 1427 409 1500 Navarchus
420 1452 509 1499 autem
520 1461 595 1499 mare
604 1442 767 1510 observans,
780 1454 811 1499 ut
821 1444 877 1499 sibi
889 1462 950 1519 cre·

150 1520 239 1575 ditum
257 1520 375 1577 habebat
392 1521 578 1593 principatum
595 1516 689 1586 navis,
717 1521 804 1576 sensit
822 1538 900 1576 mare
918 1522 950 1576 in
1009 1584 1011 1594 p

52 1605 56 1612 '
150 1604 224 1651 tanta
236 1613 295 1650 esse
311 1597 530 1660 conturbatione,
552 1591 951 1667 inquantumunusillicdor-

150 1669 309 1742 mitabat*):
340 1670 464 1726 tradebat
478 1672 552 1726 enim
567 1689 631 1730 eum
645 1689 700 1726 vox
712 1673 821 1726 narium
830 1680 950 1726 sterten-

149 1747 233 1809 tium,
259 1761 345 1815 quum
361 1744 443 1799 altius
458 1746 589 1801 reddatu'r
608 1749 637 1800 in
656 1749 766 1818 supinis
779 1747 949 1802 iacentibus.
1000 1751 1005 1762 '

150 1819 310 1890 Siquidem,
331 1827 362 1872 ut
376 1836 449 1884 reor,
471 1838 519 1877 ore
531 1822 624 1877 clauso
637 1824 807 1895 caeterisque
816 1823 950 1878 sensibus

150 1893 321 1949 cessantibus
336 1911 385 1966 per
398 1912 477 1950 nares
492 1897 596 1952 vadens
610 1899 723 1971 spiratio
738 1898 948 1972 constringitur,

150 1979 231 2041 atque
242 1969 338 2025 itidem
354 1972 517 2026 constrictus
531 1975 620 2046 magis
634 1982 767 2046 angustus
777 1973 951 2046 subtilisque

150 2045 266 2110 canalis,
291 2062 377 2118 quum
397 2047 535 2120 repleatur
553 2048 717 2119 spiramine,
742 2048 858 2102 sibilum
872 2050 949 2104 edit:

139 2122 309 2195 angiportus
324 2138 388 2194 ergo
403 2121 449 2192 hic
463 2119 492 2177 in
503 2121 554 2178 hoc
564 2122 846 2198 tenore'(naturaliter)
856 2123 952 2195 placet

150 2197 292 2252 declarari.
332 2197 465 2268 Propheta
476 2215 541 2254 vero
550 2213 604 2252 non
614 2199 825 2270 quasianatura
835 2207 952 2255 coaetus

150 2271 292 2336 stertebat,
319 2280 450 2343 quantum
470 2289 483 2326 a
504 2271 622 2341 iudicio,
653 2275 683 2329 in
702 2273 951 2346 reprehensionem

149 2348 254 2418 peccati
268 2349 376 2400 citatus.
416 2347 459 2401 Ad
469 2347 543 2402 hunc
556 2365 622 2421 ergo
629 2350 784 2407 navarchus
795 2349 949 2406 accedens:
1009 2356 1011 2379 “

149 2421 338 2492 Negligenter,
354 2422 400 2483 ait,
415 2422 528 2485 dormis,
540 2440 557 2476 o
567 2423 662 2478 bomol
684 2426 823 2481 Tantusne
832 2442 951 2481 somnus

150 2492 221 2562 altus
237 2502 262 2546 te
276 2494 406 2556 obtinuit,
430 2504 459 2549 ut
472 2512 562 2567 neque
577 2514 612 2552 ex
626 2499 743 2568 strepitu
752 2497 887 2555 fluctuum
898 2519 952 2556 ne·

149 2661 232 2745 mg„
241 2664 452 2749 ‘'Afflhmnm
469 2666 491 2702 tn
508 2669 568 2704 rm
579 2669 700 2714 munsture
711 2672 776 2710 mu
786 2680 850 2710 ram
863 2674 949 2712 dormt-

1009 2388 1011 2481 l

1009 2484 1011 2577 l

1009 2582 1011 2693 l

1009 2708 1011 2805 Ι

1009 2812 1011 2885 ι
