2050 3100
199 111 248 163 ata
304 113 399 159 auru.
412 110 485 157 ruo.
501 110 664 169 Querar.
678 111 729 157 nr
742 111 822 192 spor„
836 106 999 175 [unsrun]

199 214 311 271 ditionis
327 219 367 267 est
378 228 475 273 causa,
496 226 583 281 quum
593 210 736 267 inhibetur
746 211 857 284 ingredi
867 214 998 279 animam,

198 306 248 361 per
258 287 353 341 divina
364 284 497 341 beneficia
508 287 662 350 coercetur,
678 303 713 341 ne
724 286 828 357 laedat;
854 304 922 341 nam
934 289 1001 343 haec

199 358 339 417 salutifera
355 368 429 414 sunt.
469 359 492 414 Α
506 360 610 431 quibus
624 378 690 415 vero
703 359 816 416 divinae
826 364 933 434 gratiae
944 363 1002 417 dis-

199 442 352 499 cesserunt,
367 431 403 508 [³⁴⁶]
417 432 518 489 deserti
528 433 729 506 viduitatisque
739 444 841 492 statum
853 436 1000 492 sufferunt.

199 510 303 565 Dicitur
321 517 348 562 et
367 507 475 579 aliquid
499 508 673 564 huiusmodi:
714 509 863 566 Venientes
890 513 1002 566 mixtim

199 586 228 639 in
243 582 325 637 talem
341 583 460 637 animam
475 584 557 637 enixe
575 582 770 656 ingrediuntur
789 584 1003 656 imaginationes

200 658 353 713 secundum
372 658 463 712 varios
480 674 570 711 mores
584 657 799 723 involuntarios,
820 675 897 713 nunc
911 660 1003 715 nudae

199 735 387 803 inermesque,
409 748 483 785 nunc
497 740 589 786 autem
603 741 722 787 armatae
740 741 767 787 et
785 734 867 805 quasi
886 744 1004 791 mortem

200 806 372 870 minitantes,
394 805 531 860 inducunt
544 823 628 877 super
642 807 836 879 cogitationem
845 811 1005 879 percussio-

200 898 263 937 nem
277 882 380 954 oppido
395 896 533 954 magnam.
573 880 707 936 Percussis
717 889 808 937 autem
818 890 860 937 est
870 882 1005 937 admissio

199 956 419 1027 imaginationis3
441 953 595 1027 perfectum
604 962 696 1010 tamen
706 955 810 1011 bonum
820 965 876 1020 est,
891 957 1005 1012 nullum

201 1048 235 1085 ex
245 1028 289 1085 his
295 1028 562 1103 supervenientibus
572 1030 640 1099 pati.

485 1245 716 1276 *04⁰*—

202 1494 565 1591 QUAESTIONES
587 1496 650 1576 ΕΤ
672 1494 1003 1581 SOLUTIONES

429 1627 482 1726 ru
525 1663 773 1725 eronus.

470 1849 654 1900 SEBMO
689 1850 732 1901 11.

204 2001 240 2065 [²]
263 1999 328 2056 Quid
348 2007 382 2048 est
403 1995 494 2062 „Quia
515 1991 599 2048 maana
619 1998 793 2050 immanium
814 1999 918 2050 iniecisti
934 2017 1002 2065 snper

286 2066 356 2128 illud,
380 2075 403 2114 et
419 2066 565 2130 inquinatum
583 2065 684 2127 eat⁸)“t
700 2068 795 2132 OExod.
811 2073 853 2126 20,
864 2069 920 2128 25.)

136 2245 140 2253 .
262 2182 285 2231 t.
306 2161 369 2252 Qui
382 2179 413 2232 in
426 2186 551 2234 naturam
566 2196 678 2235 manum
696 2182 805 2236 mittere
823 2188 1002 2251 praesumunt

202 2269 340 2325 operaque
354 2261 467 2308 naturae
481 2255 698 2310 manumissione
712 2271 762 2308 sua
776 2263 916 2309 mutantes
924 2255 1001 2310 effor-

13 2324 18 2334 ‘
103 2335 108 2341 “
202 2335 291 2386 mant,
314 2327 491 2400 impollutum
509 2329 650 2400 polluunt:
680 2328 801 2401 perfecta
816 2329 892 2383 enim
907 2330 1001 2401 plena-

203 2419 257 2474 que
267 2411 331 2458 sunt
344 2410 455 2490 naturae
470 2403 594 2475 propria,
615 2420 666 2458 nec
680 2404 835 2466 decisione,
855 2420 909 2459 nec
922 2402 999 2459 addi-

202 2479 290 2542 tione,
306 2493 396 2550 neque
405 2492 546 2548 quoquam
556 2486 677 2549 egentes.

201 2591 412 2612 .......-‚..-....

254 2647 276 2696 ³)
290 2648 323 2689 Cf.
338 2660 402 2699 snpra
415 2650 463 2692 Vol.
476 2649 512 2690 vi.
526 2660 548 2698 p.
562 2649 606 2687 au.
