2050 3100
168 195 200 246 70
293 198 395 245 PHIL.
414 195 489 242 1111).
509 194 673 254 Quanam
690 195 740 241 ET
761 195 838 240 SOL.
859 189 981 258 [nstra]

168 299 262 355 nitatis
271 296 487 352 similitudinem
497 312 593 370 gerere
603 303 725 352 noverat.
756 296 901 352 Caeterum
912 313 981 351 ma-

167 391 255 448 gnum
273 371 408 445 quiddam
426 373 529 444 poscit,
552 388 607 426 non
627 372 857 442 praetermittere,
884 388 940 426 nec
962 391 980 427 a

168 451 250 521 longe
260 449 377 503 transire
388 447 485 511 deum,
500 447 632 501 derelicta
643 447 733 500 anima
744 447 834 518 ipsius
848 445 979 502 desolata

169 541 200 578 ac
218 523 307 578 inani.
346 523 491 577 Terminus
507 523 582 578 enim
596 520 737 575 felicitatis
752 530 794 576 est
808 521 853 575 dei
869 537 979 592 appro-

168 598 330 670 pinquantis
345 597 493 661 adventus,
516 595 577 651 fuse
588 595 744 667 adimplens
754 605 838 651 totam
848 596 976 651 animam

168 682 223 728 toto
237 689 288 728 sno
303 672 409 727 lumine
422 673 583 743 incorporeo
592 679 620 725 et
630 671 811 742 sempiterno3
840 671 977 727 miseriae

168 757 259 803 autem
274 744 311 822 [⁴¹⁸]
328 746 472 819 (terminus
485 745 538 818 est)
551 745 683 800 transitus
697 754 729 799 ut
742 746 894 817 perviam,
916 748 977 801 cito

168 822 334 878 enimaitius
347 829 502 893 sequuntur
516 820 631 892 posthac
644 821 774 877 tenebrae
789 820 890 874 densae
905 837 977 892 pro-

168 896 337 969 fundaeque.
379 896 458 951 Unde
473 904 500 951 et
513 893 654 950 fratricida
669 894 736 950 Cain
751 895 874 950 dicebat:
908 897 977 952 Ma-

167 990 246 1044 qoom
268 982 305 1027 est
328 977 450 1027 wmnom
468 988 567 1040 poenae
594 975 622 1025 id
645 975 714 1040 quod
741 974 906 1040 derclinquas
932 989 976 1026 me

168 1055 245 1114 (taen.
259 1055 284 1115 4,
300 1051 358 1111 13),
380 1045 522 1110 indicans,
543 1044 618 1117 quod
632 1062 686 1100 non
702 1053 743 1100 est
756 1063 843 1116 poena
862 1044 975 1102 animae

169 1123 350 1194 maiorquam
364 1119 522 1193 derelinqui
533 1119 620 1176 adeo.
660 1121 749 1176 Moses
763 1136 828 1176 vero
843 1119 911 1176 alibi
926 1120 976 1175 di-

168 1197 220 1252 cit:
254 1197 294 1253 Nc
311 1203 449 1268 oufcrctur
465 1201 499 1252 nb
511 1201 549 1251 cis
562 1199 680 1250 dominus
694 1204 779 1264 (Num.
793 1204 834 1261 14,
848 1203 890 1261 9),
911 1213 976 1251 mo-

169 1290 250 1336 nens,
272 1271 348 1343 quod
358 1272 461 1327 distare
471 1272 593 1326 animam
606 1269 641 1324 ab
651 1269 730 1324 Eutis
739 1269 974 1342 contemplatione

167 1345 402 1418 perfectissimum
414 1346 548 1402 malorum
559 1353 610 1410 est,
622 1343 801 1416 quamobrem
812 1345 910 1400 nititur
921 1363 974 1416 po-

169 1420 267 1490 pulum
281 1420 383 1475 ducere
397 1421 427 1474 in
440 1437 586 1476 occursum
602 1420 661 1487 dei;
690 1420 788 1490 nequit
803 1420 877 1474 enim
898 1421 971 1486 fieri,

168 1501 199 1546 ut
213 1493 262 1547 alii
276 1494 402 1548 homines
412 1493 571 1550 satisfacere
580 1493 647 1550 huic
657 1495 777 1568 possint,
795 1494 850 1550 nisi
862 1496 973 1553 animae

169 1567 215 1622 dei
226 1568 445 1634 amantissimae,
463 1586 534 1643 quas
544 1570 662 1627 caeleste
673 1570 843 1628 desiderium
853 1588 973 1643 praeve-

169 1643 248 1698 niens
258 1644 414 1715 occupavit.

170 1847 217 1896 Cur·
234 1849 316 1897 iterum
331 1847 457 1911 phonliter
473 1848 543 1913 dicit,
572 1849 638 1913 quod
652 1885 670 1913 „
679 1849 795 1899 Sumatur
811 1864 877 1913 aqna
895 1860 919 1900 et
938 1851 972 1901 la·

234 1924 289 1963 vent
305 1914 382 1979 pedes
405 1925 508 1979 navos,
540 1925 563 1967 et
583 1917 667 1983 stipas
693 1927 789 1984 captate
815 1918 858 1967 aab
884 1920 972 1969 arbore

235 1982 349 2031 denso“f
366 1983 420 2048 (le,
438 1984 478 2049 4.)

223 2119 250 2170 5.
275 2118 332 2171 Hoc
345 2134 457 2173 rursum
470 2119 547 2174 iuxta
564 2119 678 2175 alteram
688 2120 887 2193 apparitionem
898 2120 972 2176 dici-

168 2201 225 2253 tur,
242 2201 378 2263 quatenus
388 2194 550 2267 peregrinos
560 2210 606 2249 eos
617 2203 708 2266 putat,
724 2212 779 2251 uon
789 2194 884 2251 hahita
898 2204 971 2251 certa

169 2265 279 2331 notitia,
300 2267 351 2323 sed
365 2268 466 2323 iterum
480 2268 550 2323 illuc
566 2269 700 2326 violenter
710 2279 840 2325 attractus
851 2268 886 2326 de
897 2273 972 2342 opti-

168 2356 212 2393 ma
223 2338 375 2413 divinaque
385 2342 466 2398 facie.
505 2342 690 2409 Quamobrem
704 2362 794 2417 neque
805 2346 915 2401 iussum
925 2346 972 2401 dat

168 2416 328 2471 auctoritate
341 2418 468 2489 propria,
490 2419 540 2473 vix
552 2436 732 2490 praesumens
748 2418 844 2475 liberis
856 2420 901 2475 vel
912 2439 971 2475 ser-

167 2489 212 2544 vis
231 2490 364 2547 exhibere
384 2491 513 2547 lotionem
527 2492 645 2565 pedum,
669 2494 719 2550 sed
733 2494 867 2558 eundem,
888 2496 970 2551 cuins

167 2563 267 2620 faciem
287 2565 430 2622 visibilem
449 2567 504 2621 sibi
524 2568 691 2633 crediderat,
722 2578 861 2624 auctorem
881 2569 971 2625 voluit

167 2656 229 2693 esse
242 2641 312 2696 iussi
328 2640 424 2697 dandi.
467 2642 567 2698 Dicens
582 2650 686 2698 autem:
718 2644 967 2715 aromatumque,

167 2729 221 2768 non
237 2715 351 2781 adiecit,
373 2717 547 2789 aquopiam;
577 2717 650 2772 sieut
660 2718 917 2789 etiamperdictum
928 2722 970 2774 lo·
