2050 3100
7 0 2050 131 —

106 308 181 374 [1,
206 305 299 372 94]
381 311 483 356 DE
520 311 1070 362 PROVIDENTIA
1107 313 1360 359 SERMO
1398 315 1460 359 11.
1649 306 1708 359 91

107 429 249 468 nem
288 411 477 466 dicere
510 411 571 465 in
610 410 958 468 commodum
998 413 1282 468 hominum
1327 411 1494 469 factas
1543 413 1716 468 fuisse

106 503 305 543 nonne
350 486 723 558 superbientis
762 489 996 543 nimium
1038 489 1209 542 animi
1247 487 1366 543 est?
1431 489 1716 543 Rationem

108 563 273 617 enim
291 562 523 616 istarum
544 577 674 632 prae
692 572 753 616 se
772 560 954 617 ferunt
975 562 1332 635 indicantque
1357 563 1565 618 aestiva
1595 562 1718 617 hie-

111 636 425 708 malisque,
465 653 564 706 per
590 653 730 706 quas
748 635 840 692 Sol
871 637 1067 702 fertur,
1109 636 1376 708 sphaerae
1395 637 1712 700 variabiles,

107 711 432 782 imparibus
462 709 826 776 sectionibus,
870 712 1152 767 horizonte
1183 711 1479 768 definiente
1501 720 1717 767 utrum-

108 803 233 858 que
268 784 756 856 hemisphaerium.
836 789 1126 841 Testantur
1163 796 1345 842 autem
1384 803 1716 860 magnopere

2 904 4 934 ἶ
104 860 467 934 providentia
515 860 831 915 destitutam
878 862 1260 916 necessitatem
1303 862 1530 933 eclipsis
1570 861 1717 916 Solis

106 934 468 1006 defectioque
489 934 715 990 luminis
736 936 923 990 Lunae
943 967 1020 977 —
1038 953 1165 990 nam
1185 938 1323 992 istae
1349 937 1718 1008 utilitatemne

107 1009 354 1066 afferunt
380 1009 817 1082 generinostro‘?
844 1041 921 1051 —
946 1027 1121 1081 quum
1157 1010 1340 1066 adsint
1379 1012 1716 1083 multiplices

108 1101 321 1141 causae
350 1084 724 1151 adducendae.
803 1084 895 1140 Sol
927 1085 1075 1139 enim
1103 1085 1314 1148 deficit,
1348 1085 1502 1140 Luna
1523 1086 1629 1140 sub
1652 1103 1715 1140 eo

105 1161 356 1216 intrante
376 1159 776 1214 coniunctionis
794 1168 1037 1231 tempore
1051 1200 1064 1223 ‚
1097 1177 1270 1230 quum
1293 1159 1518 1214 advenit
1544 1153 1716 1214 inter-

108 1235 337 1290 lunium
366 1234 456 1289 vel
486 1235 863 1300 novilunium3
924 1234 1150 1306 eclipsis
1177 1250 1306 1288 vero
1325 1234 1510 1289 Lunae
1541 1235 1717 1305 laten-

104 1311 192 1365 tis
223 1309 329 1375 sub
357 1308 552 1363 umbra
578 1317 750 1363 terrae
766 1350 778 1372 ,
822 1308 1043 1380 quando
1063 1318 1173 1364 tres
1193 1308 1280 1363 illi
1300 1308 1453 1382 globi
1474 1307 1544 1363 ad
1565 1308 1718 1362 invi-

106 1401 239 1438 cem
262 1393 389 1438 sunt
409 1401 479 1438 ex
498 1383 781 1439 diametro.

230 1509 319 1566 72.
357 1508 563 1565 Pmo.
593 1508 834 1573 Sustine,
861 1502 1138 1565 nonenim
1159 1510 1378 1565 nescius
1398 1524 1540 1573 sum,
1566 1506 1716 1580 quod

104 1586 221 1647 iis,
263 1585 363 1655 qui
394 1592 576 1639 amant
601 1584 855 1656 obloqui,
894 1585 1241 1640 abundantes
1271 1582 1526 1639 caelestia
1554 1582 1716 1638 exhi—

105 1661 254 1715 bent
293 1659 656 1716 accusationis
694 1677 887 1715 causas
925 1677 987 1714 ac
1028 1659 1287 1715 difficiles
1325 1659 1395 1713 ad
1422 1658 1710 1714 tuendum.

106 1736 507 1790 Verumtamen
538 1751 608 1789 ex
638 1735 879 1808 humana
904 1735 1285 1790 imbecillitate
1308 1751 1494 1789 ansam
1521 1751 1715 1805 capere

108 1809 459 1865 accusandae
481 1809 793 1865 divinitatis·
810 1811 1050 1877 maxime
1079 1812 1336 1881 iniquum
1363 1818 1464 1864 est.
1541 1811 1713 1864 Deum

66 1900 76 1910 ·
109 1885 273 1941 enim
298 1886 441 1944 sicut
469 1892 764 1940 creatorem
784 1894 1106 1957 patremque
1126 1884 1282 1959 decet
1302 1886 1443 1939 scire
1461 1884 1713 1957 singulo-

106 1977 245 2015 rum
263 1960 526 2014 rationem
548 1976 757 2023 veram,
780 1961 1092 2016 mortalium
1112 1977 1242 2017 vero
1263 1960 1539 2015 neminem
1562 1976 1712 2014 asse—

107 2035 219 2107 qui
239 2034 641 2108 physiologiam
655 2076 667 2099 ,
699 2036 957 2105 quoniam
986 2045 1040 2091 et
1054 2035 1207 2091 istud
1227 2035 1296 2090 ad
1315 2036 1564 2091 ordinem
1583 2051 1714 2106 spe-

108 2116 250 2165 ctat.
325 2111 513 2179 Itaque
539 2109 980 2181 probabilitatem
1012 2114 1368 2184 attingentes,
1411 2109 1711 2182 responde-

107 2185 306 2240 bimus
326 2184 684 2256 subreptitiae
705 2185 838 2254 huic
867 2188 1229 2242 accusationi:
1291 2194 1344 2241 et
1370 2186 1612 2257 primum
1640 2183 1708 2237 de

108 2256 229 2389 gon
256 2259 501 2313 erraticis
532 2258 759 2333 (astris),
802 2276 872 2314 ex
890 2260 1097 2336 quibus
1117 2278 1315 2334 nempe
1337 2267 1388 2316 et
1407 2269 1465 2317 tu
1487 2260 1708 2313 initium

158 2350 321 2389 ucere
339 2352 495 2389 visus
518 2351 596 2389 eS.

229 2458 315 2513 73.
358 2459 669 2514 Notandum
688 2476 835 2533 erge,
859 2459 1008 2531 quod
1029 2460 1198 2515 Fixae
1217 2460 1274 2513 in
1295 2475 1460 2512 causa
1479 2464 1607 2510 sunt
1627 2466 1709 2510 et—

106 2538 228 2590 iam
238 2535 631 2606 temperantiae
642 2534 799 2598 ae'ris,
824 2535 956 2605 quia
976 2542 1170 2588 natura
1189 2541 1318 2588 sunt
1337 2531 1539 2604 frigida
1558 2548 1709 2585 com-

106 2609 354 2683 positae,
397 2608 551 2665 de'se
570 2608 861 2680 liquefacta
884 2606 1227 2680 diffundunt,
1273 2616 1327 2663 et
1353 2608 1456 2661 iste
1478 2605 1605 2678 (ae‘r)
1626 2603 1705 2735 Γ]

110 2686 572 2741 dilatatus-causa
603 2684 839 2739 efficitur
870 2683 1204 2738 animalibus
1231 2682 1596 2755 generationis
1651 2699 1710 2735 a—

108 2760 372 2824 ciendae,
416 2760 561 2813 sicut
590 2761 754 2814 etiam
781 2760 891 2813 iam
922 2756 1082 2812 factis
1111 2757 1292 2830 (natis)
1331 2756 1709 2827 respirationis

113 2852 281 2891 causa
314 2838 647 2907 comperitur
661 2852 689 2890 ε·
736 2833 805 2889 ad
835 2832 1198 2888 subtilitatem
1226 2834 1375 2889 enim
1394 2839 1712 2903 cooperatur
