<?xml version="1.0" encoding="UTF-8"?>
<!DOCTYPE html PUBLIC "-//W3C//DTD XHTML 1.0 Transitional//EN"
    "http://www.w3.org/TR/xhtml1/DTD/xhtml1-transitional.dtd">
<html xmlns="http://www.w3.org/1999/xhtml" xml:lang="en" lang="en">
 <head>
  <title>
</title>
<meta http-equiv="Content-Type" content="text/html;charset=utf-8" />
  <meta name='ocr-system' content='tesseract 3.04.00' />
  <meta name='ocr-capabilities' content='ocr_page ocr_carea ocr_par ocr_line ocrx_word'/>
</head>
<body>
  <div class='ocr_page' id='page_1' title='image "./operaomniaadlib02philgoog/operaomniaadlib02philgoog_0455.png"; bbox 0 0 2050 3100; ppageno 0'>
   <div class='ocr_carea' id='block_1_1' title="bbox 172 230 964 298">
    <p class='ocr_par' dir='ltr' id='par_1_1' title="bbox 172 230 964 298">
     <span class='ocr_line' id='line_1_1' title="bbox 172 230 964 298; baseline -0.009 -9"><span class='ocrx_word' id='word_1_1' title='bbox 172 237 220 289; x_wconf 75' lang='lat' dir='ltr'><strong>stu</strong></span> <span class='ocrx_word' id='word_1_2' title='bbox 414 241 531 287; x_wconf 79' lang='lat' dir='ltr'><strong>rnrno</strong></span> <span class='ocrx_word' id='word_1_3' title='bbox 550 236 717 287; x_wconf 78' lang='lat' dir='ltr'><strong>auusnus</strong></span> <span class='ocrx_word' id='word_1_4' title='bbox 849 230 964 298; x_wconf 59' lang='lat' dir='ltr'><strong>[nme]</strong></span> 
     </span>
    </p>
   </div>
   <div class='ocr_carea' id='block_1_2' title="bbox 128 336 967 1237">
    <p class='ocr_par' dir='ltr' id='par_1_2' title="bbox 128 336 967 1237">
     <span class='ocr_line' id='line_1_2' title="bbox 171 336 966 417; baseline -0.009 -19"><span class='ocrx_word' id='word_1_5' title='bbox 171 344 243 417; x_wconf 76' lang='lat' dir='ltr'><strong>giosi</strong></span> <span class='ocrx_word' id='word_1_6' title='bbox 257 342 323 398; x_wconf 83' lang='lat' dir='ltr'><strong>solis</strong></span> <span class='ocrx_word' id='word_1_7' title='bbox 337 340 490 415; x_wconf 75' lang='lat' dir='ltr'><strong>elleotui*)‚</strong></span> <span class='ocrx_word' id='word_1_8' title='bbox 511 336 567 413; x_wconf 88' lang='lat' dir='ltr'><strong>quo&#39;</strong></span> <span class='ocrx_word' id='word_1_9' title='bbox 581 342 671 414; x_wconf 76' lang='lat' dir='ltr'><strong>agitur</strong></span> <span class='ocrx_word' id='word_1_10' title='bbox 684 339 798 394; x_wconf 69' lang='lat' dir='ltr'><strong>mutatio</strong></span> <span class='ocrx_word' id='word_1_11' title='bbox 812 336 922 392; x_wconf 86' lang='lat' dir='ltr'><strong>dierum</strong></span> <span class='ocrx_word' id='word_1_12' title='bbox 937 339 966 392; x_wconf 90' lang='lat' dir='ltr'><strong>in</strong></span> 
     </span>
     <span class='ocr_line' id='line_1_3' title="bbox 172 414 966 489; baseline -0.01 -15"><span class='ocrx_word' id='word_1_13' title='bbox 172 420 270 474; x_wconf 85' lang='lat' dir='ltr'><strong>dies&#39;et</strong></span> <span class='ocrx_word' id='word_1_14' title='bbox 283 425 418 489; x_wconf 89' lang='lat' dir='ltr'><strong>tempora,</strong></span> <span class='ocrx_word' id='word_1_15' title='bbox 440 417 575 471; x_wconf 77' lang='lat' dir='ltr'><strong>sectiones</strong></span> <span class='ocrx_word' id='word_1_16' title='bbox 585 424 675 471; x_wconf 85' lang='lat' dir='ltr'><strong>autem</strong></span> <span class='ocrx_word' id='word_1_17' title='bbox 685 423 839 486; x_wconf 87' lang='lat' dir='ltr'><strong>temporum</strong></span> <span class='ocrx_word' id='word_1_18' title='bbox 848 414 879 467; x_wconf 91' lang='lat' dir='ltr'><strong>in</strong></span> <span class='ocrx_word' id='word_1_19' title='bbox 888 430 966 467; x_wconf 89' lang='lat' dir='ltr'><strong>men-</strong></span> 
     </span>
     <span class='ocr_line' id='line_1_4' title="bbox 172 490 966 560; baseline -0.005 -14"><span class='ocrx_word' id='word_1_20' title='bbox 172 510 232 556; x_wconf 85' lang='lat' dir='ltr'><strong>ses,</strong></span> <span class='ocrx_word' id='word_1_21' title='bbox 252 493 389 547; x_wconf 79' lang='lat' dir='ltr'><strong>mensium</strong></span> <span class='ocrx_word' id='word_1_22' title='bbox 402 493 432 545; x_wconf 91' lang='lat' dir='ltr'><strong>in</strong></span> <span class='ocrx_word' id='word_1_23' title='bbox 447 491 521 556; x_wconf 83' lang='lat' dir='ltr'><strong>dies,</strong></span> <span class='ocrx_word' id='word_1_24' title='bbox 542 490 651 546; x_wconf 89' lang='lat' dir='ltr'><strong>dierum</strong></span> <span class='ocrx_word' id='word_1_25' title='bbox 664 491 694 545; x_wconf 90' lang='lat' dir='ltr'><strong>in</strong></span> <span class='ocrx_word' id='word_1_26' title='bbox 711 490 805 553; x_wconf 84' lang='lat' dir='ltr'><strong>horas,</strong></span> <span class='ocrx_word' id='word_1_27' title='bbox 827 497 966 560; x_wconf 79' lang='lat' dir='ltr'><strong>praetereo</strong></span> 
     </span>
     <span class='ocr_line' id='line_1_5' title="bbox 172 562 967 638; baseline -0.008 -16"><span class='ocrx_word' id='word_1_28' title='bbox 172 566 280 623; x_wconf 83' lang='lat' dir='ltr'><strong>dlemm</strong></span> <span class='ocrx_word' id='word_1_29' title='bbox 299 568 329 621; x_wconf 89' lang='lat' dir='ltr'><strong>ln</strong></span> <span class='ocrx_word' id='word_1_30' title='bbox 349 564 531 638; x_wconf 80' lang='lat' dir='ltr'><strong>aequinoctia.</strong></span> <span class='ocrx_word' id='word_1_31' title='bbox 582 566 664 622; x_wconf 78' lang='lat' dir='ltr'><strong>liaris</strong></span> <span class='ocrx_word' id='word_1_32' title='bbox 685 572 781 619; x_wconf 84' lang='lat' dir='ltr'><strong>natura</strong></span> <span class='ocrx_word' id='word_1_33' title='bbox 804 562 967 635; x_wconf 78' lang='lat' dir='ltr'><strong>obsequitur</strong></span> 
     </span>
     <span class='ocr_line' id='line_1_6' title="bbox 171 640 965 712; baseline -0.008 -15"><span class='ocrx_word' id='word_1_34' title='bbox 171 642 354 712; x_wconf 76' lang='lat' dir='ltr'><strong>navigationi,</strong></span> <span class='ocrx_word' id='word_1_35' title='bbox 384 640 484 695; x_wconf 82' lang='lat' dir='ltr'><strong>itinere</strong></span> <span class='ocrx_word' id='word_1_36' title='bbox 502 640 574 695; x_wconf 78' lang='lat' dir='ltr'><strong>laeto</strong></span> <span class='ocrx_word' id='word_1_37' title='bbox 593 642 671 695; x_wconf 80' lang='lat' dir='ltr'><strong>iuxta</strong></span> <span class='ocrx_word' id='word_1_38' title='bbox 690 640 832 694; x_wconf 73' lang='lat' dir='ltr'><strong>stellarum</strong></span> <span class='ocrx_word' id='word_1_39' title='bbox 851 646 965 693; x_wconf 87' lang='lat' dir='ltr'><strong>motum.</strong></span> 
     </span>
     <span class='ocr_line' id='line_1_7' title="bbox 170 713 965 787; baseline -0.008 -16"><span class='ocrx_word' id='word_1_40' title='bbox 170 718 272 771; x_wconf 80' lang='lat' dir='ltr'><strong>Amnes</strong></span> <span class='ocrx_word' id='word_1_41' title='bbox 292 716 420 787; x_wconf 84' lang='lat' dir='ltr'><strong>superins</strong></span> <span class='ocrx_word' id='word_1_42' title='bbox 443 717 607 787; x_wconf 80' lang='lat' dir='ltr'><strong>recipientes</strong></span> <span class='ocrx_word' id='word_1_43' title='bbox 632 714 893 787; x_wconf 82' lang='lat' dir='ltr'><strong>adimplementum,</strong></span> <span class='ocrx_word' id='word_1_44' title='bbox 925 713 965 766; x_wconf 87' lang='lat' dir='ltr'><strong>vel</strong></span> 
     </span>
     <span class='ocr_line' id='line_1_8' title="bbox 170 785 967 918; baseline -0.006 -72"><span class='ocrx_word' id='word_1_45' title='bbox 170 792 259 847; x_wconf 82' lang='lat' dir='ltr'><strong>fontes</strong></span> <span class='ocrx_word' id='word_1_46' title='bbox 273 790 390 845; x_wconf 87' lang='lat' dir='ltr'><strong>inferius</strong></span> <span class='ocrx_word' id='word_1_47' title='bbox 400 792 579 846; x_wconf 73' lang='lat' dir='ltr'><strong>scaturientes</strong></span> <span class='ocrx_word' id='word_1_48' title='bbox 590 791 691 863; x_wconf 78' lang='lat' dir='ltr'><strong>gratias</strong></span> <span class='ocrx_word' id='word_1_49' title='bbox 702 788 820 918; x_wconf 52' lang='grc' dir='ltr'><strong>(ειῃιαεζ</strong></span> <span class='ocrx_word' id='word_1_50' title='bbox 840 785 879 863; x_wconf 81' lang='lat'><strong>[*]</strong></span> <span class='ocrx_word' id='word_1_51' title='bbox 895 804 967 843; x_wconf 82' lang='lat' dir='ltr'><strong>oam-</strong></span> 
     </span>
     <span class='ocr_line' id='line_1_9' title="bbox 170 864 966 938; baseline -0.005 -18"><span class='ocrx_word' id='word_1_52' title='bbox 170 880 269 938; x_wconf 87' lang='lat' dir='ltr'><strong>porum</strong></span> <span class='ocrx_word' id='word_1_53' title='bbox 278 865 422 931; x_wconf 86' lang='lat' dir='ltr'><strong>virlditns,</strong></span> <span class='ocrx_word' id='word_1_54' title='bbox 437 866 564 921; x_wconf 85' lang='lat' dir='ltr'><strong>arborum</strong></span> <span class='ocrx_word' id='word_1_55' title='bbox 574 864 756 920; x_wconf 71' lang='lat' dir='ltr'><strong>fructificatio.</strong></span> <span class='ocrx_word' id='word_1_56' title='bbox 820 864 966 917; x_wconf 76' lang='lat' dir='ltr'><strong>aesomnia</strong></span> 
     </span>
     <span class='ocr_line' id='line_1_10' title="bbox 172 938 966 1013; baseline -0.005 -18"><span class='ocrx_word' id='word_1_57' title='bbox 172 941 342 1013; x_wconf 81' lang='lat' dir='ltr'><strong>temporibus</strong></span> <span class='ocrx_word' id='word_1_58' title='bbox 356 942 416 996; x_wconf 77' lang='lat' dir='ltr'><strong>sive</strong></span> <span class='ocrx_word' id='word_1_59' title='bbox 430 940 652 1013; x_wconf 81' lang='lat' dir='ltr'><strong>tempestatibus,</strong></span> <span class='ocrx_word' id='word_1_60' title='bbox 673 939 776 995; x_wconf 90' lang='lat' dir='ltr'><strong>normis</strong></span> <span class='ocrx_word' id='word_1_61' title='bbox 790 945 818 993; x_wconf 84' lang='lat' dir='ltr'><strong>et</strong></span> <span class='ocrx_word' id='word_1_62' title='bbox 830 938 966 993; x_wconf 86' lang='lat' dir='ltr'><strong>mensuris</strong></span> 
     </span>
     <span class='ocr_line' id='line_1_11' title="bbox 171 1012 965 1088; baseline -0.006 -17"><span class='ocrx_word' id='word_1_63' title='bbox 171 1030 307 1088; x_wconf 85' lang='lat' dir='ltr'><strong>perpensa</strong></span> <span class='ocrx_word' id='word_1_64' title='bbox 317 1024 390 1080; x_wconf 88' lang='lat' dir='ltr'><strong>suut,</strong></span> <span class='ocrx_word' id='word_1_65' title='bbox 403 1017 440 1071; x_wconf 90' lang='lat' dir='ltr'><strong>ita</strong></span> <span class='ocrx_word' id='word_1_66' title='bbox 450 1025 482 1071; x_wconf 92' lang='lat' dir='ltr'><strong>ut</strong></span> <span class='ocrx_word' id='word_1_67' title='bbox 490 1032 542 1070; x_wconf 90' lang='lat' dir='ltr'><strong>neo</strong></span> <span class='ocrx_word' id='word_1_68' title='bbox 551 1017 612 1087; x_wconf 87' lang='lat' dir='ltr'><strong>ipso</strong></span> <span class='ocrx_word' id='word_1_69' title='bbox 622 1015 758 1070; x_wconf 85' lang='lat' dir='ltr'><strong>inutiliter</strong></span> <span class='ocrx_word' id='word_1_70' title='bbox 768 1012 803 1068; x_wconf 91' lang='lat' dir='ltr'><strong>ad</strong></span> <span class='ocrx_word' id='word_1_71' title='bbox 813 1028 898 1067; x_wconf 88' lang='lat' dir='ltr'><strong>usum</strong></span> <span class='ocrx_word' id='word_1_72' title='bbox 907 1030 965 1085; x_wconf 79' lang='lat' dir='ltr'><strong>ger-</strong></span> 
     </span>
     <span class='ocr_line' id='line_1_12' title="bbox 172 1088 966 1163; baseline -0.008 -18"><span class='ocrx_word' id='word_1_73' title='bbox 172 1093 291 1156; x_wconf 82' lang='lat' dir='ltr'><strong>minent,</strong></span> <span class='ocrx_word' id='word_1_74' title='bbox 312 1091 369 1145; x_wconf 88' lang='lat' dir='ltr'><strong>imo</strong></span> <span class='ocrx_word' id='word_1_75' title='bbox 382 1100 409 1146; x_wconf 89' lang='lat' dir='ltr'><strong>et</strong></span> <span class='ocrx_word' id='word_1_76' title='bbox 422 1091 538 1145; x_wconf 87' lang='lat' dir='ltr'><strong>aliorum</strong></span> <span class='ocrx_word' id='word_1_77' title='bbox 548 1091 716 1163; x_wconf 85' lang='lat' dir='ltr'><strong>generationi</strong></span> <span class='ocrx_word' id='word_1_78' title='bbox 727 1088 825 1143; x_wconf 84' lang='lat' dir='ltr'><strong>cedant</strong></span> <span class='ocrx_word' id='word_1_79' title='bbox 834 1088 906 1159; x_wconf 85' lang='lat' dir='ltr'><strong>ipsis</strong></span> <span class='ocrx_word' id='word_1_80' title='bbox 916 1097 966 1141; x_wconf 86' lang='lat' dir='ltr'><strong>ter·</strong></span> 
     </span>
     <span class='ocr_line' id='line_1_13' title="bbox 128 1158 966 1237; baseline -0.008 -15"><span class='ocrx_word' id='word_1_81' title='bbox 128 1193 133 1203; x_wconf 88' lang='lat'><strong>·</strong></span> <span class='ocrx_word' id='word_1_82' title='bbox 172 1166 294 1237; x_wconf 77' lang='lat' dir='ltr'><strong>minatis.</strong></span> <span class='ocrx_word' id='word_1_83' title='bbox 312 1158 966 1221; x_wconf 69' lang='lat' dir='ltr'><strong>Nonuebaeoomuiadominumdemonstrabant?</strong></span> 
     </span>
    </p>
   </div>
   <div class='ocr_carea' id='block_1_3' title="bbox 170 1262 969 2466">
    <p class='ocr_par' dir='ltr' id='par_1_3' title="bbox 170 1262 969 2466">
     <span class='ocr_line' id='line_1_14' title="bbox 228 1262 965 1339; baseline -0.008 -16"><span class='ocrx_word' id='word_1_84' title='bbox 228 1269 271 1323; x_wconf 78' lang='lat'><strong>³5.</strong></span> <span class='ocrx_word' id='word_1_85' title='bbox 292 1262 347 1323; x_wconf 84' lang='lat' dir='ltr'><strong>Nos</strong></span> <span class='ocrx_word' id='word_1_86' title='bbox 356 1284 422 1325; x_wconf 79' lang='lat' dir='ltr'><strong>vero</strong></span> <span class='ocrx_word' id='word_1_87' title='bbox 431 1267 481 1339; x_wconf 87' lang='lat' dir='ltr'><strong>qui</strong></span> <span class='ocrx_word' id='word_1_88' title='bbox 490 1264 606 1327; x_wconf 82' lang='lat' dir='ltr'><strong>formam</strong></span> <span class='ocrx_word' id='word_1_89' title='bbox 615 1267 757 1321; x_wconf 83' lang='lat' dir='ltr'><strong>dumtaxat</strong></span> <span class='ocrx_word' id='word_1_90' title='bbox 768 1264 904 1329; x_wconf 89' lang='lat' dir='ltr'><strong>hominis,</strong></span> <span class='ocrx_word' id='word_1_91' title='bbox 916 1280 965 1319; x_wconf 92' lang='lat' dir='ltr'><strong>non</strong></span> 
     </span>
     <span class='ocr_line' id='line_1_15' title="bbox 173 1338 966 1413; baseline -0.004 -15"><span class='ocrx_word' id='word_1_92' title='bbox 173 1352 264 1398; x_wconf 88' lang='lat' dir='ltr'><strong>autem</strong></span> <span class='ocrx_word' id='word_1_93' title='bbox 275 1338 421 1398; x_wconf 82' lang='lat' dir='ltr'><strong>eonsilium</strong></span> <span class='ocrx_word' id='word_1_94' title='bbox 430 1342 652 1406; x_wconf 82' lang='lat' dir='ltr'><strong>monstravimus,</strong></span> <span class='ocrx_word' id='word_1_95' title='bbox 667 1340 792 1396; x_wconf 89' lang='lat' dir='ltr'><strong>rationali</strong></span> <span class='ocrx_word' id='word_1_96' title='bbox 804 1348 917 1413; x_wconf 84' lang='lat' dir='ltr'><strong>accepta</strong></span> <span class='ocrx_word' id='word_1_97' title='bbox 927 1340 966 1395; x_wconf 91' lang='lat' dir='ltr'><strong>di·</strong></span> 
     </span>
     <span class='ocr_line' id='line_1_16' title="bbox 172 1414 966 1490; baseline -0.006 -17"><span class='ocrx_word' id='word_1_98' title='bbox 172 1418 276 1490; x_wconf 82' lang='lat' dir='ltr'><strong>gnitate</strong></span> <span class='ocrx_word' id='word_1_99' title='bbox 291 1417 325 1472; x_wconf 84' lang='lat' dir='ltr'><strong>ed</strong></span> <span class='ocrx_word' id='word_1_100' title='bbox 340 1418 483 1472; x_wconf 89' lang='lat' dir='ltr'><strong>scientiam</strong></span> <span class='ocrx_word' id='word_1_101' title='bbox 497 1425 617 1472; x_wconf 85' lang='lat' dir='ltr'><strong>nostram</strong></span> <span class='ocrx_word' id='word_1_102' title='bbox 632 1425 712 1487; x_wconf 81' lang='lat' dir='ltr'><strong>etque</strong></span> <span class='ocrx_word' id='word_1_103' title='bbox 729 1415 876 1481; x_wconf 88' lang='lat' dir='ltr'><strong>honorem,</strong></span> <span class='ocrx_word' id='word_1_104' title='bbox 899 1414 966 1469; x_wconf 86' lang='lat' dir='ltr'><strong>hano</strong></span> 
     </span>
     <span class='ocr_line' id='line_1_17' title="bbox 172 1490 966 1563; baseline -0.003 -18"><span class='ocrx_word' id='word_1_105' title='bbox 172 1493 278 1547; x_wconf 91' lang='lat' dir='ltr'><strong>domini</strong></span> <span class='ocrx_word' id='word_1_106' title='bbox 283 1490 536 1547; x_wconf 86' lang='lat' dir='ltr'><strong>honorificationem</strong></span> <span class='ocrx_word' id='word_1_107' title='bbox 544 1490 715 1563; x_wconf 85' lang='lat' dir='ltr'><strong>turpitudine</strong></span> <span class='ocrx_word' id='word_1_108' title='bbox 726 1490 879 1546; x_wconf 74' lang='lat' dir='ltr'><strong>effecimus.</strong></span> <span class='ocrx_word' id='word_1_109' title='bbox 890 1491 966 1547; x_wconf 80' lang='lat' dir='ltr'><strong>Mun-</strong></span> 
     </span>
     <span class='ocr_line' id='line_1_18' title="bbox 172 1565 965 1642; baseline -0.001 -22"><span class='ocrx_word' id='word_1_110' title='bbox 172 1567 202 1620; x_wconf 92' lang='lat' dir='ltr'><strong>di</strong></span> <span class='ocrx_word' id='word_1_111' title='bbox 211 1565 338 1637; x_wconf 88' lang='lat' dir='ltr'><strong>opificem</strong></span> <span class='ocrx_word' id='word_1_112' title='bbox 349 1566 385 1622; x_wconf 87' lang='lat' dir='ltr'><strong>ad</strong></span> <span class='ocrx_word' id='word_1_113' title='bbox 394 1568 462 1622; x_wconf 85' lang='lat' dir='ltr'><strong>tanti</strong></span> <span class='ocrx_word' id='word_1_114' title='bbox 472 1565 570 1642; x_wconf 74' lang='lat' dir='ltr'><strong>mundi</strong></span> <span class='ocrx_word' id='word_1_115' title='bbox 580 1567 687 1632; x_wconf 85' lang='lat' dir='ltr'><strong>visum,</strong></span> <span class='ocrx_word' id='word_1_116' title='bbox 708 1585 762 1622; x_wconf 90' lang='lat' dir='ltr'><strong>non</strong></span> <span class='ocrx_word' id='word_1_117' title='bbox 777 1567 965 1641; x_wconf 82' lang='lat' dir='ltr'><strong>cognovimus.</strong></span> 
     </span>
     <span class='ocr_line' id='line_1_19' title="bbox 172 1639 966 1714; baseline -0.003 -18"><span class='ocrx_word' id='word_1_118' title='bbox 172 1639 388 1702; x_wconf 80' lang='lat' dir='ltr'><strong>Gubernatorem</strong></span> <span class='ocrx_word' id='word_1_119' title='bbox 406 1652 463 1698; x_wconf 88' lang='lat' dir='ltr'><strong>tam</strong></span> <span class='ocrx_word' id='word_1_120' title='bbox 481 1649 615 1714; x_wconf 85' lang='lat' dir='ltr'><strong>apparatu</strong></span> <span class='ocrx_word' id='word_1_121' title='bbox 632 1641 731 1714; x_wconf 86' lang='lat' dir='ltr'><strong>plenas</strong></span> <span class='ocrx_word' id='word_1_122' title='bbox 748 1642 867 1697; x_wconf 89' lang='lat' dir='ltr'><strong>huiusce</strong></span> <span class='ocrx_word' id='word_1_123' title='bbox 890 1641 966 1696; x_wconf 85' lang='lat' dir='ltr'><strong>navis</strong></span> 
     </span>
     <span class='ocr_line' id='line_1_20' title="bbox 172 1715 968 1788; baseline 0.004 -20"><span class='ocrx_word' id='word_1_124' title='bbox 172 1732 225 1769; x_wconf 91' lang='lat' dir='ltr'><strong>non</strong></span> <span class='ocrx_word' id='word_1_125' title='bbox 240 1715 439 1772; x_wconf 85' lang='lat' dir='ltr'><strong>intelleximus.</strong></span> <span class='ocrx_word' id='word_1_126' title='bbox 477 1715 568 1784; x_wconf 81' lang='lat' dir='ltr'><strong>Quare</strong></span> <span class='ocrx_word' id='word_1_127' title='bbox 582 1725 726 1788; x_wconf 87' lang='lat' dir='ltr'><strong>postquam</strong></span> <span class='ocrx_word' id='word_1_128' title='bbox 741 1719 871 1772; x_wconf 86' lang='lat' dir='ltr'><strong>novimus</strong></span> <span class='ocrx_word' id='word_1_129' title='bbox 890 1715 968 1772; x_wconf 89' lang='lat' dir='ltr'><strong>beni·</strong></span> 
     </span>
     <span class='ocr_line' id='line_1_21' title="bbox 171 1788 968 1865; baseline 0.006 -23"><span class='ocrx_word' id='word_1_130' title='bbox 171 1790 303 1862; x_wconf 78' lang='lat' dir='ltr'><strong>gnitatem</strong></span> <span class='ocrx_word' id='word_1_131' title='bbox 318 1788 392 1854; x_wconf 84' lang='lat' dir='ltr'><strong>eius,</strong></span> <span class='ocrx_word' id='word_1_132' title='bbox 413 1790 510 1846; x_wconf 81' lang='lat' dir='ltr'><strong>sellem</strong></span> <span class='ocrx_word' id='word_1_133' title='bbox 526 1809 600 1846; x_wconf 88' lang='lat' dir='ltr'><strong>nuno</strong></span> <span class='ocrx_word' id='word_1_134' title='bbox 609 1790 785 1847; x_wconf 86' lang='lat' dir='ltr'><strong>confiteamur</strong></span> <span class='ocrx_word' id='word_1_135' title='bbox 794 1809 859 1847; x_wconf 90' lang='lat' dir='ltr'><strong>eum</strong></span> <span class='ocrx_word' id='word_1_136' title='bbox 870 1807 968 1865; x_wconf 82' lang='lat' dir='ltr'><strong>cogno-</strong></span> 
     </span>
     <span class='ocr_line' id='line_1_22' title="bbox 171 1865 968 1939; baseline 0.004 -21"><span class='ocrx_word' id='word_1_137' title='bbox 171 1881 261 1928; x_wconf 86' lang='lat' dir='ltr'><strong>scere,</strong></span> <span class='ocrx_word' id='word_1_138' title='bbox 282 1872 313 1918; x_wconf 87' lang='lat' dir='ltr'><strong>ut</strong></span> <span class='ocrx_word' id='word_1_139' title='bbox 327 1866 428 1920; x_wconf 81' lang='lat' dir='ltr'><strong>servati</strong></span> <span class='ocrx_word' id='word_1_140' title='bbox 443 1881 458 1918; x_wconf 89' lang='lat' dir='ltr'><strong>a</strong></span> <span class='ocrx_word' id='word_1_141' title='bbox 472 1865 643 1939; x_wconf 80' lang='lat' dir='ltr'><strong>benignitate</strong></span> <span class='ocrx_word' id='word_1_142' title='bbox 662 1868 722 1922; x_wconf 86' lang='lat' dir='ltr'><strong>eius</strong></span> <span class='ocrx_word' id='word_1_143' title='bbox 741 1868 859 1923; x_wconf 89' lang='lat' dir='ltr'><strong>salutem</strong></span> <span class='ocrx_word' id='word_1_144' title='bbox 880 1867 968 1922; x_wconf 82' lang='lat' dir='ltr'><strong>lucre·</strong></span> 
     </span>
     <span class='ocr_line' id='line_1_23' title="bbox 171 1939 969 2007; baseline 0.006 -16"><span class='ocrx_word' id='word_1_145' title='bbox 171 1953 246 1992; x_wconf 88' lang='lat' dir='ltr'><strong>mur:</strong></span> <span class='ocrx_word' id='word_1_146' title='bbox 276 1947 412 1993; x_wconf 85' lang='lat' dir='ltr'><strong>utentem</strong></span> <span class='ocrx_word' id='word_1_147' title='bbox 426 1955 480 1996; x_wconf 86' lang='lat' dir='ltr'><strong>nna</strong></span> <span class='ocrx_word' id='word_1_148' title='bbox 495 1940 631 2007; x_wconf 80' lang='lat' dir='ltr'><strong>fruamur,</strong></span> <span class='ocrx_word' id='word_1_149' title='bbox 653 1943 879 1998; x_wconf 83' lang='lat' dir='ltr'><strong>animaenostrae</strong></span> <span class='ocrx_word' id='word_1_150' title='bbox 889 1939 969 1997; x_wconf 87' lang='lat' dir='ltr'><strong>laude</strong></span> 
     </span>
     <span class='ocr_line' id='line_1_24' title="bbox 172 2009 968 2090; baseline 0.004 -22"><span class='ocrx_word' id='word_1_151' title='bbox 172 2013 286 2086; x_wconf 81' lang='lat' dir='ltr'><strong>dignam</strong></span> <span class='ocrx_word' id='word_1_152' title='bbox 309 2015 463 2086; x_wconf 84' lang='lat' dir='ltr'><strong>suscipient</strong></span> <span class='ocrx_word' id='word_1_153' title='bbox 484 2009 691 2090; x_wconf 77' lang='lat' dir='ltr'><strong>poenitentiam.</strong></span> <span class='ocrx_word' id='word_1_154' title='bbox 739 2017 968 2090; x_wconf 73' lang='lat' dir='ltr'><strong>Qrandoquidem</strong></span> 
     </span>
     <span class='ocr_line' id='line_1_25' title="bbox 172 2088 968 2164; baseline 0.006 -22"><span class='ocrx_word' id='word_1_155' title='bbox 172 2090 244 2144; x_wconf 87' lang='lat' dir='ltr'><strong>iuste</strong></span> <span class='ocrx_word' id='word_1_156' title='bbox 258 2088 413 2161; x_wconf 86' lang='lat' dir='ltr'><strong>praedicata</strong></span> <span class='ocrx_word' id='word_1_157' title='bbox 426 2091 480 2146; x_wconf 82' lang='lat' dir='ltr'><strong>fuit</strong></span> <span class='ocrx_word' id='word_1_158' title='bbox 494 2093 600 2148; x_wconf 75' lang='lat' dir='ltr'><strong>civitati</strong></span> <span class='ocrx_word' id='word_1_159' title='bbox 615 2100 723 2148; x_wconf 87' lang='lat' dir='ltr'><strong>nostras</strong></span> <span class='ocrx_word' id='word_1_160' title='bbox 737 2091 877 2148; x_wconf 80' lang='lat' dir='ltr'><strong>mortifera</strong></span> <span class='ocrx_word' id='word_1_161' title='bbox 890 2109 968 2164; x_wconf 73' lang='lat' dir='ltr'><strong>prae</strong></span> 
     </span>
     <span class='ocr_line' id='line_1_26' title="bbox 172 2163 967 2238; baseline 0.003 -20"><span class='ocrx_word' id='word_1_162' title='bbox 172 2163 287 2228; x_wconf 86' lang='lat' dir='ltr'><strong>dinatio,</strong></span> <span class='ocrx_word' id='word_1_163' title='bbox 303 2180 338 2218; x_wconf 87' lang='lat' dir='ltr'><strong>ex</strong></span> <span class='ocrx_word' id='word_1_164' title='bbox 348 2164 464 2221; x_wconf 76' lang='lat' dir='ltr'><strong>adverso</strong></span> <span class='ocrx_word' id='word_1_165' title='bbox 472 2167 663 2238; x_wconf 85' lang='lat' dir='ltr'><strong>praedicemus</strong></span> <span class='ocrx_word' id='word_1_166' title='bbox 674 2176 701 2222; x_wconf 86' lang='lat' dir='ltr'><strong>et</strong></span> <span class='ocrx_word' id='word_1_167' title='bbox 709 2183 772 2231; x_wconf 90' lang='lat' dir='ltr'><strong>nos,</strong></span> <span class='ocrx_word' id='word_1_168' title='bbox 794 2169 967 2238; x_wconf 84' lang='lat' dir='ltr'><strong>quantumin</strong></span> 
     </span>
     <span class='ocr_line' id='line_1_27' title="bbox 172 2239 968 2313; baseline 0.004 -20"><span class='ocrx_word' id='word_1_169' title='bbox 172 2239 253 2294; x_wconf 89' lang='lat' dir='ltr'><strong>nobis</strong></span> <span class='ocrx_word' id='word_1_170' title='bbox 267 2248 321 2304; x_wconf 85' lang='lat' dir='ltr'><strong>est,</strong></span> <span class='ocrx_word' id='word_1_171' title='bbox 342 2241 489 2296; x_wconf 84' lang='lat' dir='ltr'><strong>salutarem</strong></span> <span class='ocrx_word' id='word_1_172' title='bbox 504 2242 745 2313; x_wconf 82' lang='lat' dir='ltr'><strong>praedicationem.</strong></span> <span class='ocrx_word' id='word_1_173' title='bbox 784 2241 859 2308; x_wconf 85' lang='lat' dir='ltr'><strong>Quid</strong></span> <span class='ocrx_word' id='word_1_174' title='bbox 879 2251 968 2298; x_wconf 81' lang='lat' dir='ltr'><strong>auten</strong></span> 
     </span>
     <span class='ocr_line' id='line_1_28' title="bbox 172 2314 967 2390; baseline 0.003 -21"><span class='ocrx_word' id='word_1_175' title='bbox 172 2323 215 2369; x_wconf 84' lang='lat' dir='ltr'><strong>est</strong></span> <span class='ocrx_word' id='word_1_176' title='bbox 224 2314 296 2370; x_wconf 90' lang='lat' dir='ltr'><strong>illud</strong></span> <span class='ocrx_word' id='word_1_177' title='bbox 306 2315 442 2371; x_wconf 72' lang='lat' dir='ltr'><strong>salutare?</strong></span> <span class='ocrx_word' id='word_1_178' title='bbox 472 2319 610 2372; x_wconf 89' lang='lat' dir='ltr'><strong>leiunium</strong></span> <span class='ocrx_word' id='word_1_179' title='bbox 620 2325 728 2382; x_wconf 75' lang='lat' dir='ltr'><strong>vocate,</strong></span> <span class='ocrx_word' id='word_1_180' title='bbox 745 2325 771 2372; x_wconf 86' lang='lat' dir='ltr'><strong>et</strong></span> <span class='ocrx_word' id='word_1_181' title='bbox 781 2317 816 2372; x_wconf 87' lang='lat' dir='ltr'><strong>ad</strong></span> <span class='ocrx_word' id='word_1_182' title='bbox 826 2317 967 2390; x_wconf 89' lang='lat' dir='ltr'><strong>Optimum</strong></span> 
     </span>
     <span class='ocr_line' id='line_1_29' title="bbox 170 2391 967 2466; baseline 0.003 -23"><span class='ocrx_word' id='word_1_183' title='bbox 170 2403 267 2460; x_wconf 87' lang='lat' dir='ltr'><strong>preces</strong></span> <span class='ocrx_word' id='word_1_184' title='bbox 286 2391 426 2461; x_wconf 84' lang='lat' dir='ltr'><strong>supplices</strong></span> <span class='ocrx_word' id='word_1_185' title='bbox 445 2391 651 2465; x_wconf 81' lang='lat' dir='ltr'><strong>(extollite)**):</strong></span> <span class='ocrx_word' id='word_1_186' title='bbox 683 2393 732 2464; x_wconf 84' lang='lat' dir='ltr'><strong>qui</strong></span> <span class='ocrx_word' id='word_1_187' title='bbox 751 2393 826 2448; x_wconf 87' lang='lat' dir='ltr'><strong>enim</strong></span> <span class='ocrx_word' id='word_1_188' title='bbox 843 2391 967 2466; x_wconf 86' lang='lat' dir='ltr'><strong>undique</strong></span> 
     </span>
    </p>
   </div>
   <div class='ocr_carea' id='block_1_4' title="bbox 170 2529 967 2821">
    <p class='ocr_par' dir='ltr' id='par_1_4' title="bbox 170 2529 965 2679">
     <span class='ocr_line' id='line_1_30' title="bbox 222 2529 965 2583; baseline 0.005 -13"><span class='ocrx_word' id='word_1_189' title='bbox 222 2529 244 2576; x_wconf 61' lang='grc' dir='ltr'><strong>Ιῑ)</strong></span> <span class='ocrx_word' id='word_1_190' title='bbox 257 2541 276 2570; x_wconf 74' lang='grc' dir='ltr'><strong>ι.</strong></span> <span class='ocrx_word' id='word_1_191' title='bbox 288 2531 347 2570; x_wconf 71' lang='lat' dir='ltr'><strong>Hm</strong></span> <span class='ocrx_word' id='word_1_192' title='bbox 359 2535 427 2572; x_wconf 68' lang='lat' dir='ltr'><strong>ment</strong></span> <span class='ocrx_word' id='word_1_193' title='bbox 439 2533 500 2570; x_wconf 66' lang='lat' dir='ltr'><strong>&amp;nae</strong></span> <span class='ocrx_word' id='word_1_194' title='bbox 511 2533 576 2576; x_wconf 68' lang='lat' dir='ltr'><strong>serato</strong></span> <span class='ocrx_word' id='word_1_195' title='bbox 589 2534 631 2572; x_wconf 77' lang='lat' dir='ltr'><strong>tole·</strong></span> <span class='ocrx_word' id='word_1_196' title='bbox 642 2535 676 2582; x_wconf 79' lang='lat' dir='ltr'><strong>(ut</strong></span> <span class='ocrx_word' id='word_1_197' title='bbox 688 2533 788 2583; x_wconf 72' lang='lat' dir='ltr'><strong>iutelligit</strong></span> <span class='ocrx_word' id='word_1_198' title='bbox 796 2533 867 2574; x_wconf 73' lang='lat' dir='ltr'><strong>(ileu.</strong></span> <span class='ocrx_word' id='word_1_199' title='bbox 878 2534 906 2574; x_wconf 81' lang='lat' dir='ltr'><strong>de</strong></span> <span class='ocrx_word' id='word_1_200' title='bbox 915 2538 965 2574; x_wconf 77' lang='lat' dir='ltr'><strong>tern-</strong></span> 
     </span>
     <span class='ocr_line' id='line_1_31' title="bbox 170 2580 965 2636; baseline 0.009 -18"><span class='ocrx_word' id='word_1_201' title='bbox 170 2587 222 2625; x_wconf 76' lang='lat' dir='ltr'><strong>pore</strong></span> <span class='ocrx_word' id='word_1_202' title='bbox 235 2580 326 2619; x_wconf 77' lang='lat' dir='ltr'><strong>lucentu</strong></span> <span class='ocrx_word' id='word_1_203' title='bbox 340 2580 391 2628; x_wconf 85' lang='lat' dir='ltr'><strong>diei)</strong></span> <span class='ocrx_word' id='word_1_204' title='bbox 404 2592 422 2620; x_wconf 83' lang='grc' dir='ltr'><strong>ι.</strong></span> <span class='ocrx_word' id='word_1_205' title='bbox 435 2583 485 2620; x_wconf 73' lang='lat' dir='ltr'><strong>rotis</strong></span> <span class='ocrx_word' id='word_1_206' title='bbox 498 2583 562 2621; x_wconf 76' lang='lat' dir='ltr'><strong>cessio</strong></span> <span class='ocrx_word' id='word_1_207' title='bbox 575 2584 647 2629; x_wconf 67' lang='lat' dir='ltr'><strong>tuam,</strong></span> <span class='ocrx_word' id='word_1_208' title='bbox 662 2586 691 2624; x_wconf 76' lang='lat' dir='ltr'><strong>eat</strong></span> <span class='ocrx_word' id='word_1_209' title='bbox 700 2590 813 2636; x_wconf 58' lang='lat' dir='ltr'><strong>praetem</strong></span> <span class='ocrx_word' id='word_1_210' title='bbox 822 2583 858 2634; x_wconf 77' lang='lat' dir='ltr'><strong>(ad</strong></span> <span class='ocrx_word' id='word_1_211' title='bbox 867 2586 965 2626; x_wconf 72' lang='lat' dir='ltr'><strong>verbum:</strong></span> 
     </span>
     <span class='ocr_line' id='line_1_32' title="bbox 171 2628 651 2679; baseline 0.013 -13"><span class='ocrx_word' id='word_1_212' title='bbox 171 2629 272 2675; x_wconf 66' lang='lat' dir='ltr'><strong>manaa&gt;</strong></span> <span class='ocrx_word' id='word_1_213' title='bbox 284 2628 350 2675; x_wconf 66' lang='lat' dir='ltr'><strong>aaut,</strong></span> <span class='ocrx_word' id='word_1_214' title='bbox 365 2641 407 2679; x_wconf 75' lang='lat' dir='ltr'><strong>qao</strong></span> <span class='ocrx_word' id='word_1_215' title='bbox 420 2629 491 2678; x_wconf 63' lang='lat' dir='ltr'><strong>aquus·</strong></span> <span class='ocrx_word' id='word_1_216' title='bbox 503 2635 544 2672; x_wconf 85' lang='lat' dir='ltr'><strong>eto.</strong></span> <span class='ocrx_word' id='word_1_217' title='bbox 570 2631 651 2672; x_wconf 80' lang='lat' dir='ltr'><strong>Auolr.</strong></span> 
     </span>
    </p>

    <p class='ocr_par' dir='ltr' id='par_1_5' title="bbox 171 2677 967 2821">
     <span class='ocr_line' id='line_1_33' title="bbox 220 2677 967 2726; baseline 0.015 -11"><span class='ocrx_word' id='word_1_218' title='bbox 220 2677 255 2723; x_wconf 54' lang='grc' dir='ltr'><strong>Ιθ’)</strong></span> <span class='ocrx_word' id='word_1_219' title='bbox 272 2677 378 2726; x_wconf 72' lang='lat' dir='ltr'><strong>Quoniam</strong></span> <span class='ocrx_word' id='word_1_220' title='bbox 394 2689 436 2720; x_wconf 80' lang='lat' dir='ltr'><strong>non</strong></span> <span class='ocrx_word' id='word_1_221' title='bbox 452 2684 486 2720; x_wconf 79' lang='lat' dir='ltr'><strong>eet</strong></span> <span class='ocrx_word' id='word_1_222' title='bbox 502 2682 525 2720; x_wconf 85' lang='lat' dir='ltr'><strong>ln</strong></span> <span class='ocrx_word' id='word_1_223' title='bbox 541 2681 600 2722; x_wconf 79' lang='lat' dir='ltr'><strong>Arni.</strong></span> <span class='ocrx_word' id='word_1_224' title='bbox 614 2683 714 2724; x_wconf 68' lang='lat' dir='ltr'><strong>niumm</strong></span> <span class='ocrx_word' id='word_1_225' title='bbox 726 2686 816 2726; x_wconf 75' lang='lat' dir='ltr'><strong>verbum</strong></span> <span class='ocrx_word' id='word_1_226' title='bbox 827 2686 890 2725; x_wconf 77' lang='lat' dir='ltr'><strong>uncis</strong></span> <span class='ocrx_word' id='word_1_227' title='bbox 903 2687 967 2726; x_wconf 77' lang='lat' dir='ltr'><strong>mele·</strong></span> 
     </span>
     <span class='ocr_line' id='line_1_34' title="bbox 171 2727 966 2778; baseline 0.023 -18"><span class='ocrx_word' id='word_1_228' title='bbox 171 2732 230 2771; x_wconf 80' lang='lat' dir='ltr'><strong>aum,</strong></span> <span class='ocrx_word' id='word_1_229' title='bbox 244 2727 333 2766; x_wconf 75' lang='lat' dir='ltr'><strong>tortasse</strong></span> <span class='ocrx_word' id='word_1_230' title='bbox 345 2734 417 2777; x_wconf 83' lang='lat' dir='ltr'><strong>potest</strong></span> <span class='ocrx_word' id='word_1_231' title='bbox 428 2731 493 2768; x_wconf 82' lang='lat' dir='ltr'><strong>etlam</strong></span> <span class='ocrx_word' id='word_1_232' title='bbox 505 2731 536 2770; x_wconf 80' lang='lat' dir='ltr'><strong>sle</strong></span> <span class='ocrx_word' id='word_1_233' title='bbox 549 2733 620 2772; x_wconf 83' lang='lat' dir='ltr'><strong>reddi:</strong></span> <span class='ocrx_word' id='word_1_234' title='bbox 642 2734 745 2776; x_wconf 67' lang='lat' dir='ltr'><strong>lunatam</strong></span> <span class='ocrx_word' id='word_1_235' title='bbox 757 2740 827 2776; x_wconf 70' lang='lat' dir='ltr'><strong>eoem</strong></span> <span class='ocrx_word' id='word_1_236' title='bbox 839 2738 869 2776; x_wconf 74' lang='lat' dir='ltr'><strong>od</strong></span> <span class='ocrx_word' id='word_1_237' title='bbox 878 2738 966 2778; x_wconf 72' lang='lat' dir='ltr'><strong>meliori·</strong></span> 
     </span>
     <span class='ocr_line' id='line_1_35' title="bbox 172 2777 603 2821; baseline 0.005 -3"><span class='ocrx_word' id='word_1_238' title='bbox 172 2779 252 2821; x_wconf 68' lang='lat' dir='ltr'><strong>ww</strong></span> <span class='ocrx_word' id='word_1_239' title='bbox 263 2777 365 2816; x_wconf 69' lang='lat' dir='ltr'><strong>ommno</strong></span> <span class='ocrx_word' id='word_1_240' title='bbox 378 2779 497 2819; x_wconf 65' lang='lat' dir='ltr'><strong>mansan</strong></span> <span class='ocrx_word' id='word_1_241' title='bbox 523 2779 603 2820; x_wconf 79' lang='lat' dir='ltr'><strong>Aueb.</strong></span> 
     </span>
    </p>
   </div>
   <div class='ocr_carea' id='block_1_5' title="bbox 0 0 1030 3100">
    <p class='ocr_par' dir='ltr' id='par_1_6' title="bbox 0 0 1030 3100">
     <span class='ocr_line' id='line_1_36' title="bbox 0 0 1030 3100; baseline 0 0"><span class='ocrx_word' id='word_1_242' title='bbox 0 0 1030 3100; x_wconf 95' lang='lat' dir='ltr'><strong> </strong></span> 
     </span>
    </p>
   </div>
  </div>
 </body>
</html>
