2050 3100
158 134 206 187 tat
403 140 522 185 raino
539 137 708 188 mondus
840 134 949 203 [lustu]

156 246 317 313 sequentes,
337 236 470 295 cadavere
480 248 625 304 exuentes,
641 240 766 312 deposita
773 240 949 314 denegantes,

157 314 299 387 exigentes
313 315 448 385 quicquid
462 316 533 371 nulli
543 315 710 383 tradidistis3
733 316 953 387 cutequemred-

158 388 229 444 detis
247 390 347 460 prioris
365 390 516 455 iudicium.
540 390 662 445 secundo
681 391 821 462 supplicia
839 391 953 465 indigns

157 473 296 536 parentem
319 462 390 519 nibil
404 482 440 520 en
452 474 542 527 vostro
551 473 628 537 perte
639 464 758 519 liberum
768 483 784 520 a
793 466 954 521 melitinen-

156 541 287 611 ginone,
299 538 434 611 maedam
444 540 538 596 dicitis
549 557 585 594 ex
593 540 716 612 maligno
724 540 857 604 oonsilio,
868 556 954 613 quse-

156 614 219 669 dnm
229 612 333 677 fucitis,
348 615 480 671 nonnulle
490 616 572 670 stiam
579 623 700 670 coeteros
707 614 840 670 docens

210 735 253 787 28.
274 734 345 789 Haec
356 732 405 789 ubi
416 733 701 788 audiereNinivitaen
710 732 859 805 propbeta,
880 736 952 791 sicut

154 804 279 879 veram*)
289 807 520 878 praedicationem
535 816 719 880 agnoverunt,
740 809 777 863 ita
787 825 952 864 consensum

156 876 288 948 praebent
301 886 328 932 et
341 879 515 935 convenienti
528 878 643 934 consilio
660 878 776 935 credunt
791 880 950 952 prophetoe.

155 951 247 1019 Quum
257 952 328 1009 euim
341 952 574 1019 facinorosorum,
626 955 636 1009 i
649 972 704 1010 non
714 962 791 1010 erant
800 972 837 1009 ex
850 956 901 1023 illa
913 958 952 1011 ci·

155 1030 249 1092 vitate,
261 1030 391 1093 narravit,
407 1029 459 1085 boc
471 1030 533 1101 ipso
545 1038 573 1084 et
598 1026 624 1105 ⁴⁵]
633 1029 838 1102 praedicationi
849 1032 912 1087 eius
920 1031 953 1085 fi-

157 1102 220 1157 dem
231 1108 412 1175 praestrepunt.
442 1104 567 1173 Namque
576 1117 663 1177 quqm
673 1108 732 1155 ncta
742 1103 957 1172 nunqunmvisa

158 1178 308 1241 enarravit,
329 1195 364 1233 ex
375 1175 472 1233 eadem
485 1176 628 1248 prophetin
642 1177 758 1230 asseruit
769 1184 796 1230 et
805 1174 899 1231 futura
909 1193 957 1231 su-

157 1270 206 1324 per
216 1270 262 1307 eos
272 1251 414 1324 compleri.
448 1252 588 1306 Ninivitae
597 1252 691 1321 itaque
701 1252 956 1323 cougregatisviris

157 1336 183 1383 et
193 1328 372 1391 mulieribus,
397 1326 552 1381 senioribus
566 1325 793 1397 uepriucipibus‚
818 1326 956 1381 ministris

156 1410 184 1456 st
197 1402 311 1475 regibus
326 1418 357 1457 ac
369 1401 491 1456 dominis
503 1410 587 1472 atque
599 1408 761 1457 cunctorum
769 1400 957 1472 dignitatibus

156 1477 185 1529 in
207 1492 294 1531 unum
309 1477 483 1539 commixtis,
507 1476 536 1530 in
555 1476 628 1531 tristi
645 1483 725 1530 ooetu
741 1476 958 1550 promulgnbent

156 1550 349 1607 huiuscemodi
359 1552 532 1608 sententiam.

212 1662 255 1722 29.
268 1661 330 1715 Iure
341 1660 454 1717 fortasse
465 1659 539 1732 npud
549 1676 611 1724 vos,
626 1661 706 1715 oriri
717 1661 806 1722 cives,
818 1655 959 1716 iustorum

157 1732 191 1787 ed
209 1735 350 1806 principes
372 1735 500 1790 colendos¹
520 1735 748 1807 experimentum.
760 1751 792 1788 eo
810 1733 958 1805 probetur,

69 1863 72 1870 ,
154 1807 229 1878 quod
246 1808 368 1869 nondum
388 1819 496 1882 recepta
515 1811 611 1866 mortis
629 1811 777 1874 sententia,
801 1809 831 1863 in
850 1809 961 1864 iudicis

155 1891 317 1938 concurrant
327 1887 540 1946 venerationem.
579 1883 785 1951 Quoniemilin‚
810 1891 961 1954 quaeante

154 1959 317 2014 sententiam
332 1961 426 2015 mortis
440 1961 554 2016 aservis
564 1959 599 2014 ed
609 1975 702 2032 regem
712 1957 829 2014 refertur
838 1975 962 2014 venere-

154 2034 207 2096 tio,
219 2051 254 2089 ex
264 2035 361 2091 intimo
371 2038 461 2091 animo
470 2053 531 2090 esse
540 2035 731 2089 venerantium
741 2032 908 2088 fidelitatem
917 2043 963 2089 tc-

154 2117 253 2177 statum
264 2111 350 2182 ,quod
365 2128 429 2166 vero
443 2128 493 2182 per
506 2112 596 2164 minas
611 2109 758 2165 exhibetur
774 2107 960 2179 obsequium,

155 2183 308 2240 delusionis
333 2185 553 2257 adulationisque
575 2184 726 2248 iudicium,
760 2199 814 2237 non
840 2185 961 2246 amoris.

154 2259 317 2316 ostenditur.
340 2259 400 2315 Illic
411 2277 475 2314 vero
486 2261 546 2331 ipse
555 2260 631 2314 solus
641 2258 769 2315 bonoreri
779 2257 961 2331 udemr”)‚

154 2335 204 2390 sed
217 2344 248 2390 ut
261 2354 310 2390 nos
321 2353 394 2390 nuuc
404 2334 535 2402 facimus,
556 2343 598 2390 est
607 2343 713 2390 nostras
726 2349 822 2389 curare
832 2334 961 2406 gretiam

154 2432 363 2446 —m

205 2475 225 2520 Ι’)
246 2475 281 2513 Ac
294 2477 394 2514 verbnm:
416 2477 534 2520 ornanum,
557 2476 686 2521 commeans,
708 2477 891 2523 munuum
907 2485 963 2514 oon-

153 2523 213 2560 ttnuo
227 2525 349 2563 testimonio
363 2525 504 2562 conscientiae
516 2525 651 2564 concordem.
678 2525 760 2565 Aucb.

203 2573 237 2616 u)
264 2571 317 2612 cos.
334 2574 365 2612 A:
383 2575 509 2624 porsenna,
535 2565 656 2620 venetam
682 2577 729 2614 eon.
745 2575 773 2614 o:
795 2576 852 2628 qnos
863 2575 914 2614 esee
927 2575 964 2614 vet

152 2627 199 2662 eno.
223 2621 258 2657 cui
269 2631 351 2660 morem
364 2623 419 2668 gerit
431 2625 453 2660 ot
466 2621 535 2662 olon.
549 2627 613 2671 neque
626 2627 658 2663 ste
670 2620 776 2674 exlsstontr
797 2625 849 2674 (αἱ
859 2626 910 2665 ωδ·
922 2634 964 2665 ιυο

150 2668 369 2719 misantyettonor.
395 2670 475 2708 Aucb.
