2050 3100
150 147 183 200 so
380 149 564 198 rnrnorrrs
587 149 725 196 runanr
863 145 895 213 [1,
909 147 959 213 rr]

151 252 218 308 litur
231 250 425 324 providentia..
439 252 529 324 posita
538 250 647 322 aequali
656 249 856 306 distributione
867 251 961 308 dono-
994 223 995 290 Ξ

149 344 212 382 rum
222 327 330 385 mnndi.
345 334 376 382 nt
385 328 421 382 iis
431 335 458 382 et
467 327 548 398 impii
558 325 697 382 fruantur:
710 335 736 382 et
746 325 959 397 pulcherrimus

149 399 199 456 llos
213 403 294 474 quasi
308 418 359 473 per
374 403 578 472 corruptionem
597 400 720 456 aufertur
737 401 810 456 iusto
830 401 926 458 iudici
932 403 959 476 *J

148 485 222 541 tum,
234 494 321 548 quum
331 476 439 532 caelum
449 486 477 538 et
484 485 557 532 terra
566 476 734 532 transierint.
772 475 885 530 Etenim
899 477 960 532 lae-

148 552 225 606 titiae
240 550 459 621 deliciarumque
473 550 614 606 iucundus
629 552 658 606 in
672 548 775 605 mundo
786 549 866 606 locus
877 552 959 608 aule-

147 634 236 690 retur‚
258 642 344 698 quum
360 624 447 680 iudex
455 627 485 680 in
495 625 675 682 retributione
685 626 757 680 iuste
767 641 903 682 menura
913 646 958 682 re-
994 629 995 634 ’

147 699 249 774 pendet
268 701 373 771 iniquis
392 699 554 757 bominibus
573 700 726 758 seeundum
744 700 956 772 improbitatem

147 793 252 830 eorum.
292 774 438 847 Siquidem
455 778 505 848 qui
522 795 572 848 per
589 775 796 834 distributivam
815 769 956 832 iustitiam

148 850 252 906 iudicis
266 850 389 906 officium
403 860 512 907 exercet
527 852 610 918 deus,
633 869 685 908 non
697 851 847 923 permittit,
869 861 953 917 ntea,

146 943 219 1056 quae
232 926 326 999 dignis
341 926 425 982 tribui
441 926 556 993 debent,
579 945 610 982 ea
626 928 707 1000 impii
722 925 845 998 amplius
860 929 954 1002 possi-

167 1010 229 1056 eant
238 1019 287 1075 per
297 1003 389 1057 omnia
402 1011 533 1075 tempora.

205 1114 248 1167 35.
268 1112 328 1166 Erit
341 1128 406 1184 ergo
419 1129 501 1166 causa
518 1112 664 1168 creationis
679 1112 776 1168 mundi
790 1113 884 1184 ipsius
907 1114 949 1168 dei

146 1189 277 1244 creatoris
291 1189 409 1242 creatrix
423 1194 532 1255 natura3
559 1187 698 1258 corruptio
717 1205 781 1244 vero
800 1187 903 1243 mundi
922 1207 951 1243 ac
994 1257 995 1260 Ἰ

146 1261 320 1334 oonsump'tio
338 1260 471 1316 referatur
488 1269 594 1333 oportet
608 1261 643 1316 ad
661 1261 793 1318 iudiciale
808 1263 856 1318 ius
875 1265 950 1318 eius·
994 1323 995 1332 χ

146 1338 211 1393 dom
219 1337 265 1393 dei
275 1346 373 1393 cuncta
382 1337 515 1401 creantis,
535 1343 672 1408 quatenus
686 1354 772 1408 aequa
783 1337 864 1394 lance
874 1338 949 1394 iudi·

145 1413 220 1469 cabit
228 1414 330 1468 omnia.
369 1411 505 1478 Quoniam
517 1411 618 1478 stolida
632 1412 736 1468 malitia
749 1413 831 1484 quasi
841 1431 948 1470 veneno

142 1488 284 1544 naturales
294 1488 487 1561 insipientium
497 1504 587 1544 mores
598 1503 790 1560 corrumpens,
807 1487 895 1544 trahit
906 1492 947 1544 iu·

145 1562 237 1617 di'oem
246 1562 281 1617 ad
291 1563 458 1628 vindictam,
474 1563 557 1619 illum
566 1580 732 1635 provocans,
746 1571 778 1618 ut
787 1564 864 1621 iusto
874 1566 947 1621 iudi·

145 1638 188 1691 cio
202 1635 329 1691 decorem
342 1656 426 1694 suum
438 1638 543 1694 mundo
558 1638 677 1704 auferat,
702 1648 784 1710 atque
802 1656 834 1695 eo
855 1641 946 1711 ipsum

144 1711 297 1785 pertrabat,
322 1721 353 1767 ut
371 1714 513 1784 antiquam
532 1711 569 1789 [*]
585 1713 663 1768 illam
677 1713 788 1785 sibique
805 1718 946 1787 propriam

144 1785 358 1852 deformitatem,
373 1788 429 1842 sibi
444 1790 500 1842 iam
511 1789 612 1844 iterum
622 1788 791 1844 induendam
801 1804 865 1845 esse
875 1800 947 1846 certo

143 1863 225 1934 sciat:
243 1860 469 1991 quandoquidem
477 1862 609 1919 decorum
622 1865 666 1919 illi
675 1864 799 1929 videtur,
817 1866 842 1919 si
853 1878 947 1921 eorru-

143 1946 217 2011 ptam
236 1937 256 1991 il
269 1954 314 1991 am
337 1946 419 2008 atque
439 1936 582 1994 infandam
602 1941 781 1996 scelestorum
800 1938 944 1996 hominum

143 2015 228 2068 vitam
239 2011 293 2068 alat
301 2020 383 2085 atque
397 2012 574 2086 cupiditates.

199 2142 242 2193 36.
262 2139 321 2192 Non
336 2139 411 2193 enim
425 2140 523 2194 oculus
542 2139 690 2195 tribunalis
707 2138 829 2212 (iudicis)
848 2140 945 2195 incen-

142 2215 220 2271 dium
235 2216 348 2269 animae
356 2214 516 2269 combustae
531 2214 643 2270 iascivia
656 2213 866 2286 immundisque
876 2213 945 2279 isci-

142 2291 256 2347 noribus
266 2290 397 2363 negligit:
413 2290 463 2345 sed
472 2290 580 2363 potius,
598 2306 673 2345 more
682 2290 769 2362 patris
780 2288 852 2344 filios
863 2291 944 2345 insti-

141 2366 258 2430 tuentis,
273 2364 354 2420 modo
365 2366 476 2430 timore,
491 2364 572 2420 modo
583 2364 663 2420 donis
674 2364 850 2438 ingentibus,
867 2368 944 2419 novit

141 2440 277 2512 impedire
292 2457 323 2494 ea
337 2457 434 2512 opera,
458 2457 530 2511 qnae
544 2440 640 2511 iniqua
655 2448 720 2495 sunt
734 2448 816 2510 atque
831 2440 943 2494 exorbi-

138 2516 235 2568 tantia.
264 2514 358 2586 Atqui
371 2513 499 2570 dissoluti
511 2515 623 2571 omnino
633 2524 698 2571 sunt
708 2515 813 2569 molitie
824 2515 943 2570 caduca-

189 2653 210 2697 ·)
232 2653 368 2701 Velpotlns:
391 2664 405 2693 o
418 2656 471 2693 iusto
484 2654 561 2699 r'rsds'ee,
582 2666 612 2694 so.
626 2666 668 2703 per
683 2658 760 2695 iustam
776 2656 871 2696 soum.
897 2654 941 2695 Vs·

138 2708 186 2738 rsm
201 2706 252 2740 tnnc
267 2704 339 2752 sllqns
352 2706 426 2745 deesse
441 2707 464 2745 tn
477 2705 600 2753 praemissis
616 2706 730 2747 dicendum
745 2708 793 2747 erlt.
819 2706 900 2746 Aneb.
