2050 3100
996 114 997 160 t

163 235 197 290 tt
394 239 579 288 ruruorua
597 235 735 287 ruurnr
880 236 914 304 [1.
924 237 969 302 tc]

163 343 253 408 tibus,
275 342 435 416 hydropici,
454 358 520 412 prae
534 340 625 396 esurie
642 339 731 396 ocutis
745 339 867 406 deiecti,
891 343 970 397 vultu

162 431 260 490 aspero
277 418 416 488 tristique.
456 417 504 470 His
523 432 589 470 vero
609 415 706 486 positis
725 432 817 470 uonna
842 433 968 472 summae

162 493 316 548 dementiae
326 501 368 546 eat
382 491 474 546 dicere
489 489 692 562 providentium
708 488 787 564 dari?
814 489 932 548 Etenim
948 497 968 548 ei

163 569 303 640 legislator
321 566 424 636 aliquis
442 565 620 638 aggrediatur
639 564 729 636 legem
748 565 891 631 scribere,
918 586 967 640 qua

161 643 242 696 malis
266 650 348 712 atque
372 641 484 712 ignavis
505 640 622 710 honoror
645 639 802 696 tribuantur
823 650 854 698 et
872 645 967 714 probis

160 716 313 788 supplicia,
329 714 399 785 quid
408 714 490 770 itlnnr
498 723 580 786 putes
591 714 686 778 abiis,
697 715 748 786 qui
758 714 893 782 audiant,
907 737 966 790 pas·

159 789 274 847 surum?
310 789 380 845 Mihi
398 789 566 861 lapidandus
586 789 742 854 videbitur,
773 797 860 861 atque
880 811 965 864 poeno

160 867 258 927 acerba
275 863 466 931 mulctandus,
487 861 537 937 qdi
555 864 774 937 praesumpserit
792 865 906 923 iustum
921 870 965 924 bo

159 958 283 1013 numque
291 949 431 1012 repertum
440 942 470 994 in
478 949 575 995 nature
586 951 679 995 rerum
688 939 881 1012 proscribere,
898 945 964 1001 sicut

159 1018 287 1072 falsarius
307 1032 493 1071 nummorum.
545 1014 638 1078 Adde,
669 1031 760 1070 noune
781 1015 863 1071 velut
882 1035 963 1090 quac·

151 1093 223 1155 xdum
234 1092 333 1151 civitas
343 1098 416 1148 totus
425 1089 546 1155 muudus
554 1097 643 1156 §aaut
656 1089 818 1149 huiusmodi-
834 1091 962 1149 iniuriis?

159 1168 250 1236 Quum
260 1169 295 1231 ii,
311 1167 400 1238 quiin
410 1182 505 1223 omnes
515 1165 686 1233 invehuntur
696 1163 729 1238 (s.
741 1166 770 1232 iu
780 1167 919 1238 omnibus
929 1169 961 1223 rci
996 1171 997 1190 ¹

159 1243 281 1317 aunt)*)‚
298 1250 354 1301 tam
364 1241 462 1304 verbo,
477 1236 829 1312 quamcodsiii01etfactie‚
842 1246 962 1314 praemia

160 1336 260 1393 magna
273 1317 474 1388 adipiscentem
509 1316 560 1388 qui
577 1313 613 1390 [³¹⁶]
630 1329 695 1373 veto
710 1315 768 1372 illis
779 1315 959 1390 subsunt**]‚
996 1311 997 1375 i

159 1393 340 1467 opprobrium
357 1401 386 1449 ct
405 1391 572 1463 improperia
590 1389 697 1462 pudore
713 1391 797 1462 plena
814 1408 850 1446 ac
865 1393 961 1448 damna

159 1478 292 1542 perpetuo
305 1468 455 1539 patiantur.

215 1598 240 1651 t.
265 1596 397 1665 Iniquum
411 1612 472 1649 esse
487 1593 620 1657 dixerim,
644 1599 740 1664 putare
755 1591 843 1647 deum
857 1596 962 1666 praesi-

158 1670 221 1725 dem
241 1678 288 1724 aut
302 1678 440 1725 auctorem
455 1686 516 1723 esse
530 1666 722 1722 huiuscemodi
736 1670 917 1737 certaminis,
937 1672 962 1725 in

158 1762 213 1817 quo
227 1746 344 1799 victores
359 1746 503 1816 privantur
519 1760 616 1809 corona
627 1750 653 1797 et
663 1743 730 1797 victi
740 1752 913 1801 coronantur
922 1764 964 1801 ce-

159 1820 364 1889 lebranturque.
403 1819 526 1873 Victores
538 1820 613 1873 enirn
628 1816 671 1876 illi
685 1826 762 1884 sunt,
782 1820 834 1889 qui
851 1821 963 1877 virtutis

158 1901 273 1969 agonem
288 1893 405 1947 feliciter
420 1900 616 1958 exercuerunt,
640 1900 751 1966 propter
765 1894 918 1961 veritatem
938 1898 964 1951 in

158 1969 263 2025 iudicio
272 1968 409 2037 damnati¹
428 1970 538 2024 moenia
547 1971 678 2025 vitiorum
689 1970 884 2041 malorumque
896 1974 964 2028 viri-

159 2046 221 2101 liter
235 2041 389 2120 diruentes;
426 2044 494 2100 victi
508 2061 587 2109 vero,
609 2062 677 2117 quos
693 2052 739 2099 aut
754 2044 918 2117 indignatio
938 2049 963 2101 in

159 2121 277 2176 furorem
293 2120 351 2195 egit
363 2119 411 2175 aut
420 2120 532 2176 tristitia
543 2119 654 2192 subegit
664 2126 710 2175 aut
719 2119 861 2190 cupiditas
871 2138 963 2177 remo-

158 2207 248 2253 torum
262 2195 372 2267 decepit
383 2204 431 2251 aut
445 2195 576 2253 lasciviae
596 2194 684 2250 libido
702 2192 891 2265 perturbavit.
933 2198 963 2252 Et

159 2273 229 2345 quid
239 2272 283 2327 his
294 2272 457 2328 damnosum
466 2271 511 2326 vel
523 2269 581 2324 illis
591 2268 659 2325 utile
670 2266 794 2324 accedit?
821 2270 882 2326 imo
894 2271 962 2345 quid
995 2236 997 2335 d

142 2382 145 2386 -
160 2366 213 2403 non
225 2349 286 2404 istis
296 2348 366 2404 utile
375 2356 403 2405 et
412 2348 470 2404 illia
479 2346 657 2410 damnosum,
673 2354 705 2401 ut
715 2342 794 2399 dixi?
996 2368 997 2442 p

117 2512 126 2529 ⁰
204 2443 240 2510 d.
260 2438 520 2530 NonuePolycrates
529 2461 662 2527 tyrannus
673 2468 756 2525 super
765 2467 862 2507 omnes
873 2457 963 2510 maio-
995 2506 997 2549 ι

159 2546 203 2583 res
212 2548 249 2607 ‘ac
261 2533 382 2606 ¹minores
396 2530 516 2590 terarum
530 2544 605 2583 more
619 2526 713 2583 furens
723 2528 853 2601 nihilque
864 2531 963 2584 remit·
995 2570 996 2595 .

210 2671 231 2714 ¹)
245 2670 294 2709 Vox
306 2669 366 2708 Arm.
382 2658 509 2716 aequivoca:
531 2669 618 2707 rictorea
632 2672 671 2707 aut
683 2670 731 2708 otctr'
744 2674 796 2713 cte..
812 2669 844 2707 tta
857 2672 881 2707 nt
896 2672 962 2708 etiarn

161 2719 331 2757 venareuceet:
347 2719 474 2757 emunctis.
488 2711 602 2761 aautorm
623 2714 742 2769 durelina:
761 2721 856 2760 ruitum.
876 2718 961 2759 Aucta.

996 2636 997 2675 t

208 2780 243 2825 ²¹)
257 2792 274 2819 ι.
285 2784 412 2829 percolerent.
438 2783 519 2822 Auen.
996 2769 997 2844 d

996 3052 997 3090 t
