2050 3100
128 116 178 171 264
254 118 351 165 PHIL.
370 116 445 163 IUD.
465 116 622 175 QUAEST.
642 117 692 162 ET
716 116 794 162 801..
816 110 930 177 [11,l21.]

126 237 181 292 que
193 218 310 273 abeunte
320 216 445 272 succedit
454 218 558 271 sanitas
572 225 599 272 et
613 217 752 273 valetudo.
793 215 931 273 Similiter

126 292 292 349 abscedente
305 292 452 347 sobrietate
467 300 494 347 et
508 293 613 346 ratione
628 309 699 364 quae
713 291 851 346 invadens
862 293 931 347 sub—

125 366 301 441 iugaverat*)
311 366 486 437 cupiditates,
502 366 579 421 illico
588 365 744 439 ingreditur
754 366 930 421 incontinen-

124 444 177 507 tia,
188 442 320 497 vitiorum
330 441 473 496 seductrix
482 449 510 495 et
519 442 730 513 propugnatrix.
764 442 863 512 Neque
875 441 931 496 dil-

124 517 212 572 fertur
221 523 269 571 aut
277 516 456 588 prolongatur
464 516 930 587 spatiuminteriectum,sedquan·
1011 518 1012 545 r

124 601 184 647 tum
194 591 319 654 duravit,
334 591 482 662 quodipse
491 591 564 645 dixit
575 591 660 656 Qum
668 594 849 659 eqreda'ebctur
857 597 931 661 soror

124 667 158 738 (s.
170 683 206 721 ex
215 665 286 741 ore),
306 665 460 720 secundum
470 665 593 735 aliquam
607 665 739 736 temporis
751 666 928 736 particulam.

124 739 260 806 Quoniam
273 741 409 795 contrario
419 748 571 811 mutuoque
581 740 735 796 ministerio
745 740 871 795 assident
880 741 931 795 bo·

125 832 192 870 num
207 823 234 870 et
247 815 366 879 malum,
387 817 469 887 quasi
484 831 550 869 vero
564 832 599 869 ex
609 815 669 871 loco
678 832 776 869 cursus
786 815 817 869 in
827 814 930 887 hippo-
1012 836 1013 843 ³

125 891 220 944 dromo
230 890 286 944 sibi
297 890 419 945 invicem
427 889 597 945 obviassent.
618 886 654 963 [*]
676 890 773 961 Neque
782 890 859 944 enim
869 890 930 945 exi-

125 982 180 1037 guo
190 964 273 1019 horae
283 967 372 1035 spatio
381 965 488 1019 deserta
499 972 622 1018 remanet
632 964 737 1029 anima,
748 964 786 1018 ita
797 971 828 1019 ut
838 965 931 1019 omni-

125 1056 161 1094 no
171 1056 257 1095 vacua
267 1040 433 1110 reperiatur;
465 1038 690 1110 quandoquidem
705 1040 878 1094 necessitatis
889 1039 931 1095 lo-

125 1131 175 1169 cus
190 1123 232 1169 est
246 1114 350 1180 anima,
371 1114 515 1171 contrariis
524 1130 633 1185 semper
642 1112 742 1185 plenus
752 1121 779 1169 et
788 1113 929 1170 confertus

125 1188 337 1245 habitatoribus.

171 1295 236 1354 Quid
260 1307 295 1347 eat
326 1297 418 1360 „Fecit
445 1307 467 1346 et
494 1297 544 1361 ipse
573 1312 640 1346 escas
667 1306 690 1347 et
717 1296 795 1346 attulit
816 1298 889 1361 putri

410 1367 491 1413 scoot
515 1370 567 1428 (27,
586 1364 641 1427 31.)

182 1447 242 1500 22⁴.
265 1444 441 1515 Viden'quod
451 1462 501 1517 pro
511 1444 592 1499 lacob
602 1451 716 1499 testatur
724 1445 868 1500 oraculum
878 1445 929 1501 do·
1014 1471 1015 1497 r

175 1583 197 1631 ¹)
209 1583 244 1622 Ad
256 1584 357 1624 verbum:
377 1586 528 1633 παννίκοιο,
543 1589 568 1626 ut
580 1586 661 1635 placuit
673 1586 794 1635 anonymo.
820 1587 904 1628 Ancb.

126 1760 218 1814 mitate
229 1759 307 1815 adest
317 1763 420 1816 sanitas
431 1770 457 1816 et
466 1763 603 1820 robustas.
625 1766 681 1820 lloc
691 1763 771 1818 modo
781 1763 929 1820 deficiente

124 1834 308 1889 continentiae
319 1836 417 1901 verbo,
437 1842 826 1903 excervicantecontumaces,
844 1840 929 1895 vitio-

124 1925 185 1962 rum
203 1908 414 1980 intemperantia
427 1911 563 1978 decurrit,
590 1931 654 1969 cum
668 1931 718 1969 suo
738 1913 885 1968 defensore
902 1919 930 1968 et

123 1991 336 2054 propugnatore.
375 1987 471 2057 Neque
481 1996 573 2043 tamen
585 1989 695 2061 longius
708 1988 832 2044 tenditur
842 1989 929 2043 inter-

123 2057 245 2120 stitium,
264 2059 315 2113 sed
326 2058 360 2115 ad
370 2070 504 2132 quantum
514 2063 626 2118 duxerit
639 2070 821 2127 momentum,
838 2079 929 2135 quan-

124 2139 184 2186 tum
194 2131 307 2198 exierit,
318 2141 425 2193 tantum
436 2136 601 2193 adinvicem
612 2138 668 2193 sibi
677 2138 862 2209 praestolatur
872 2147 929 2192 arte

123 2205 244 2277 quadam
257 2207 497 2276 observatissima,
520 2229 555 2267 ne
568 2222 702 2284 punctum
719 2213 853 2283 temporis
868 2229 929 2267 ces-

123 2290 185 2336 sant
203 2283 312 2339 animae
330 2287 495 2341 vacuitatem
515 2287 686 2359 relinquere;
717 2303 831 2342 necesse
854 2288 929 2342 enim

124 2373 252 2427 capacem
271 2361 488 2416 contrarietatem
508 2362 619 2432 plenam
641 2379 703 2418 esse
727 2362 929 2432 supervenien-

124 2432 194 2486 tium
207 2433 406 2490 habitaturum.

194 2537 260 2596 Quid
276 2553 311 2592 eat
328 2542 419 2606 „Fecit
437 2544 488 2608 §aaa
506 2560 585 2607 mous,
614 2553 637 2593 et
654 2543 737 2594 obtulit
750 2543 865 2607 patrm,

178 2628 237 2682 22⁴·
265 2631 351 2687 Vides
367 2649 417 2704 pro
434 2633 529 2698 Iacob,
555 2641 671 2689 testante
688 2633 813 2706 eloquio,
838 2636 929 2703 secure
