2050 3100
143 108 176 160 56
261 111 363 155 PHIL.
383 107 457 153 ΠΗ).
476 106 639 164 QU'AEST.
658 106 708 150 ET
732 105 810 152 SOL.
831 99 875 164 [11,
888 102 962 167 231]

144 213 193 284 qui
214 215 417 265 consueverunt
435 224 549 281 surgere
570 225 600 261 ac
615 207 716 278 corrigi
731 206 808 260 iuxta
823 205 959 276 primiti-

67 313 71 322 ·
143 304 207 342 vam
222 284 331 339 faciem.
370 285 432 337 lure
446 291 538 338 autern
552 283 614 336 risit
628 281 770 336 exsultans
781 278 815 334 de
826 281 958 351 promis-

143 363 234 424 sione,
257 357 607 430 magnaspeadimpletus,
630 355 704 427 quod
714 362 871 428 exspectata
881 371 957 426 per-

143 436 303 490 ficereutur:
335 433 456 489 maxime
470 433 545 504 quod
560 430 755 486 revelationem
770 428 956 485 manifestam

144 516 286 581 acceperat
310 523 346 562 ex
368 508 553 579 apparitione,
584 513 720 577 qnatenus
740 503 847 559 firmius
868 507 956 560 novit

144 602 222 648 eum,
233 584 283 654 qui
293 589 347 637 stat
356 599 465 654 semper
475 589 617 645 conamus,
630 588 657 636 et
665 581 750 637 istum
760 580 810 658 qui
821 578 891 635 solet
900 579 955 635 in-

144 656 402 714 clinariaccadere.
1018 673 1019 682 2

147 816 227 872 Quare
259 816 329 879 quasi
359 814 479 864 haesitare
506 813 570 862 vireas
595 822 630 863 eet
656 811 686 862 de
706 778 876 877 aremoricae?
911 812 953 860 ait

125 887 132 900 ‘
211 883 285 932 enim:
311 881 406 945 „Dixit
423 882 447 931 in
463 890 553 931 monte:
580 879 614 930 st
629 878 843 942 oentenariofila'ua
860 877 906 927 erit
926 888 952 927 et

210 949 292 1000 Sarra
308 949 473 1014 nonoqenorio
486 948 605 1013 partem
624 948 684 1012 (ib.)

199 1063 243 1116 56.
263 1059 343 1116 Haud
357 1059 443 1134 gratis
456 1058 502 1115 vei
517 1057 619 1113 frustra
634 1056 770 1112 adiectum
785 1055 838 1110 fuit
854 1053 947 1110 iilud:

145 1138 221 1191 Dicit
239 1143 268 1190 in
284 1145 375 1191 mente.
414 1137 484 1192 Nam
500 1133 596 1206 lingua
610 1140 636 1187 et
649 1149 695 1188 ore
709 1132 814 1205 prolata
826 1129 950 1202 indigna

143 1210 248 1284 (verba)
268 1212 322 1267 sub
341 1217 418 1266 reatu
437 1225 583 1282 poenaque
602 1207 715 1276 cadunt3
747 1221 899 1278 quaerero
915 1207 949 1260 in

142 1295 234 1342 mente
249 1286 333 1350 fiunt,
354 1286 426 1340 nihil
438 1285 559 1339 obnoxia
574 1290 651 1347 sunt,
673 1282 739 1354 quia
759 1281 948 1336 involuntarie

144 1361 292 1415 deducitur
307 1377 385 1414 meus
398 1360 433 1414 ab
444 1357 667 1422 enormitatibus,
688 1357 852 1412 introductis
863 1355 948 1427 cupi·
1018 1363 1019 1416 J

144 1434 278 1488 ditatibus
289 1432 402 1488 aliunde
412 1433 489 1496 aliis,
511 1431 617 1503 quibus
626 1430 774 1502 aliquando
784 1430 888 1485 resistit
898 1447 948 1484 ae-
1018 1459 1019 1476 ι

143 1524 192 1581 gre
207 1507 298 1562 ferens
313 1523 345 1561 ac
359 1507 474 1579 cupiens
488 1504 628 1563 declinare
643 1507 677 1562 ab
690 1507 801 1563 illorum
812 1505 947 1579 imagini-

142 1584 208 1639 bus.
248 1581 304 1637 Sed
314 1580 428 1637 fortasse
442 1599 532 1654 neque
547 1582 677 1648 haesitat,
699 1581 749 1638 sed
763 1582 947 1637 admiratione

144 1665 296 1714 commotus
306 1656 342 1711 ob
351 1673 497 1713 excessum
507 1658 573 1713 doni
585 1657 666 1713 dicit:
695 1658 766 1713 Ecce
781 1674 880 1729 corpus
893 1674 947 1712 no-

115 1727 122 1739 ’
143 1743 232 1789 strum
246 1739 406 1803 provectum
421 1740 463 1788 est
476 1740 504 1788 et
518 1740 720 1807 transgressum
733 1741 848 1789 aetatem
858 1749 946 1807 gene-

143 1808 271 1871 rationis;
297 1807 348 1862 deo
358 1815 449 1863 tamen
458 1810 551 1863 omnia
561 1808 707 1882 possibilia
716 1817 794 1873 sunt,
811 1810 847 1862 ita
858 1816 889 1864 ut
899 1825 946 1863 se·

143 1891 281 1939 nectutem
295 1899 406 1954 quoque
420 1884 449 1938 in
465 1883 636 1939 iuventutem
652 1884 774 1939 demutet
784 1891 811 1938 et
821 1891 945 1939 carentes

143 1958 250 2013 semine
272 1956 420 2029 fructuque
442 1960 472 2013 iu
497 1959 736 2016 fructificationem
759 1960 945 2031 generationis

143 2031 286 2105 perducat.
325 2032 404 2099 Quod
423 2034 449 2087 si
463 2034 556 2105 itaqua
574 2032 610 2109 [*]
627 2034 801 2090 centenarius
817 2042 844 2088 et
858 2050 945 2088 nona-

144 2108 257 2181 genaria
272 2108 457 2181 generabunt,
478 2110 651 2164 ordinarium
662 2118 688 2164 et
698 2108 802 2163 similia
813 2125 863 2163 sua
873 2107 944 2163 iacta

144 2182 311 2312 ansgrantur,
325 2191 353 2239 et
362 2184 421 2240 sola
431 2183 477 2239 dei
487 2184 576 2241 virtus
587 2202 619 2239 aa
628 2183 944 2257 gratissimulappareet
1018 2216 1019 2219 =

143 2259 188 2313 evi
209 2266 295 2312 enter.
1018 2272 1019 2277 ¹

198 2331 341 2388 Caeterum
355 2333 491 2405 quicquid
505 2334 617 2389 virtutis
632 2333 716 2390 habet
731 2349 863 2388 numerus
878 2350 942 2388 cen·

144 2408 279 2472 tenarius,
301 2408 495 2480 exponendum
510 2418 561 2464 est.
600 2410 724 2464 Primum
738 2410 827 2464 virtus
843 2418 885 2464 est
895 2408 943 2462 de-
1018 2458 1019 2461 ,

143 2483 215 2537 narii
234 2484 417 2538 centenarius.
465 2483 594 2539 Secundo
613 2484 698 2539 huius
717 2485 808 2555 ipsius
829 2485 939 2557 mynias,

143 2558 247 2630 myriae
262 2563 354 2612 autern
368 2558 451 2613 frater
465 2567 507 2614 est
521 2559 648 2626 unitatis3
681 2560 754 2613 sicut
768 2560 843 2613 enirn
858 2558 940 2613 semel

143 2648 230 2686 unum
250 2649 338 2688 unum
357 2641 411 2699 est,
437 2634 479 2687 sic
498 2633 580 2687 etiam
600 2632 702 2704 myries
722 2649 809 2689 unum
829 2635 939 2707 myrias.
