2050 3100
214 206 261 257 iti
381 208 505 253 INDEX
523 205 802 252 AUCHERIANUS
820 206 840 249 1.

195 313 198 317 .
963 272 1010 317 Peg.

245 329 297 376 iam
310 327 344 375 ad
354 326 487 374 utilitatem
503 330 606 371 utantur
625 322 759 385 (oportet):
787 321 885 370 utilitas
906 337 951 370 au·

246 402 298 444 tem
312 401 350 443 est
362 393 445 441 fluxus
459 390 612 453 stillstioque
624 390 684 438 boni
685 423 950 436 ...............................
998 392 1008 433 1

213 460 362 520 Generatio‚
376 466 404 508 ut
415 460 557 521 sapientum
566 457 614 505 fert
623 455 758 515 sententia,
776 457 952 519 corruptionis

246 536 284 577 est
294 526 445 590 principium
448 558 951 572 ............................................................
983 549 1006 557 -

212 596 324 643 Medium
337 592 446 641 universi
458 599 526 640 terra
534 592 572 640 est
573 625 742 638 .....................
746 626 750 653 .·
754 625 951 637 .......................
981 613 1007 625 -

212 661 314 723 Optima
327 660 445 706 virtutum
457 660 553 720 pietas,
572 672 622 720 qua
636 657 690 705 sola
706 656 791 719 potius
809 665 885 706 mens
905 658 952 706 im·

243 726 421 774 mortalitatem
439 726 582 787 assequitur
584 759 951 773 ...........................................
994 728 1004 768 s

211 794 320 841 Mixtum
334 798 372 861 est
385 806 444 840 cum
455 792 568 841 humana
582 791 705 855 sapientis
717 804 799 853 genus
818 792 952 855 deceptio

244 860 293 910 uis.
300 893 950 908 .............................................................................
981 883 1004 891 -

213 925 284 976 Sicut
296 941 323 977 se
332 926 409 976 hebet
417 927 524 975 oculus
517 941 544 975 ιι
553 939 671 989 corpore,
684 925 720 975 ita
728 938 800 973 mens
810 932 838 973 et
848 927 951 989 sapien·

245 994 316 1043 ticin
330 995 415 1043 anima
417 1026 950 1048 ..............................................................
980 1017 1003 1025 -

211 1062 242 1111 In
251 1061 337 1111 nullo
330 1069 366 1110 sta
377 1062 484 1109 laetatur
497 1060 606 1109 hominis
621 1059 739 1151 cogitatio
750 1058 848 1121 magis,
872 1074 950 1123 quam

245 1130 272 1177 in
288 1129 383 1178 iustitia
385 1162 950 1177 ...................................................................
983 1129 1004 1171 1⁰

211 1197 296 1245 Unum
306 1211 339 1245 ex
347 1196 433 1245 multis
443 1194 538 1243 fectum
546 1194 641 1243 bonum
653 1201 699 1243 est.
733 1193 913 1243 Discordiae
904 1195 952 1243 mi·

245 1264 613 1336 numestdmtas·
614 1296 950 1309 ........................................
983 1263 1003 1306 li

211 1330 261 1380 Ubi
275 1326 369 1380 bonum
388 1337 413 1378 et
429 1330 525 1377 melum
544 1330 681 1377 commixta
698 1334 768 1388 sunt,
792 1328 952 1392 principium

245 1398 339 1447 habent
356 1397 479 1462 miqturae
492 1396 580 1445 mortis
582 1430 950 1444 ...........................................
982 1397 1002 1439 13

211 1465 352 1514 Psoborum
361 1480 428 1514 mors
438 1464 539 1512 alterius
549 1463 614 1512 vitae
622 1463 771 1525 principium
779 1468 819 1511 ost
821 1498 950 1512 ...............
979 1485 1003 1497 -

212 1532 292 1581 Amor
302 1526 354 1582 nou
363 1532 443 1595 magis
452 1532 479 1580 in
488 1530 608 1610 utilitate,
623 1545 698 1592 quum
707 1531 733 1578 in
742 1531 883 1580 concordie
891 1530 951 1581 har-

246 1611 347 1648 monica
357 1601 453 1648 stabilis
462 1614 539 1648 mons
549 1599 664 1647 constent
666 1632 950 1647 .................................
979 1622 1002 1633 —

213 1663 370 1745 Coeperatur
379 1667 458 1716 ventri
469 1681 526 1715 esus
536 1666 619 1716 carnis
629 1666 661 1715 ad
670 1665 806 1714 sulutem
782 1679 952 1758 vigoremque

245 1733 366 1794 COl'pol'lfl.
375 1768 950 1783 ....................................................................
981 1738 1014 1778 141

212 1797 321 1847 Nomina
330 1813 363 1849 ex
372 1801 498 1862 positione
509 1808 580 1861 sunt
589 1815 692 1850 ιιιιιιιιιιι
701 1814 760 1850 vero
770 1813 805 1848 ex
813 1807 909 1850 natura
911 1839 950 1849 .....
956 1801 999 1845 15

213 1863 343 1914 Somnus
336 1881 363 1914 m
376 1880 403 1916 so
411 1870 513 1931 proprie
523 1869 626 1918 ecstasis
636 1875 674 1917 est
676 1903 949 1917 ................................
979 1869 998 1912 1ῖ

213 1930 371 1995 Quicumque
392 1941 474 1985 aetate
494 1943 626 2000 provectas
644 1935 693 1984 sibi
709 1936 803 1983 ducunt
815 1936 949 1996 mulieres,

244 2000 400 2064 vituperandi
414 2009 472 2051 sunt
484 2004 553 2052 velut
565 2005 720 2053 destruentes
733 2003 816 2080 legem
830 2011 948 2052 naturae.
979 2004 997 2047 11

212 2067 362 2130 Depositum
376 2071 577 2119 commendatum
592 2070 638 2118 sibi
653 2070 728 2118 sumit
741 2069 779 2116 vir
787 2068 925 2122 mulierem
934 2086 950 2118 a

245 2135 401 2198 parentibus,
415 2137 598 2187 mulierautem
606 2137 947 2199 virumalege................'....
977 2140 997 2182 11
1012 2147 1013 2200 l

213 2202 271 2267 (Vir
283 2210 309 2254 et
322 2204 423 2266 mulier)
441 2205 530 2253 eadem
547 2205 686 2268 gaudeant,
704 2205 806 2253 doleant
823 2205 948 2255 sentiant·
1012 2201 1013 2208 ’

246 2285 308 2332 que,
328 2271 378 2320 imo
397 2272 515 2334 cogitent.
519 2307 946 2321 ...................................................
977 2274 994 2317 li

212 2334 362 2387 Callidiores
381 2347 439 2388 sunt
456 2340 578 2401 voluptati
596 2339 673 2388 dediti
691 2340 887 2401 inventoresque
906 2353 947 2390 es·

246 2404 308 2451 tium
324 2419 353 2452 ac
367 2407 506 2454 mediorum
508 2440 920 2454 .................................................
932 2407 993 2455 ..il

213 2465 320 2525 Quando
329 2470 392 2518 mire
401 2473 524 2532 quaedum
533 2471 656 2534 patranda
670 2480 740 2534 sunt,
760 2471 887 2522 subiectas
900 2489 945 2524 na·

244 2540 313 2582 turus
326 2545 462 2585 commutat
475 2540 537 2587 deus
539 2573 944 2589 ................................................
974 2541 995 2585 lt

210 2595 315 2711 Μιξξὲιὲ
318 2603 448 2719 >consuevit
464 2605 548 2665 potius
567 2619 644 2667 quam
661 2621 699 2655 ιιι
711 2607 802 2670 decipi
822 2606 945 2669 (Additur
974 2676 984 2717 ἵ

197 2680 199 2684 ,
331 2697 942 2721 ........................................................................
986 2681 995 2716 4

209 2720 377 2782 Puguauu'um
385 2744 440 2782 mos
451 2743 489 2785 est
498 2737 597 2785 mentm
607 2745 673 2798 arto
691 2746 719 2788 ut
731 2741 940 2803 ignorenturres
972 2749 1012 2779 ’ἓ
