2050 3100
1991 103 1997 114 t

102 276 193 341 [11,
220 273 339 340 σία]
738 280 839 326 ΒΕ
883 280 1089 327 mna.
1606 275 1697 328 451

102 380 318 453 privati
338 380 683 435 commodum
704 388 1011 435 constructa
1022 380 1100 453 *),
1131 382 1277 436 muri
1298 381 1526 449 formam
1547 398 1706 455 gere-

106 474 167 510 re
190 454 503 518 videbatur,
519 456 669 510 intus
688 463 869 510 autem
888 456 1342 527 tranquillitatem
1362 474 1586 512 serenae
1605 457 1706 513 do-

103 548 237 586 mus
255 529 549 584 efficiebat.
612 530 729 602 Ego
750 547 879 586 vero
899 532 958 584 in
977 530 1219 602 plantam
1243 531 1600 604 (rationalem,
1626 532 1706 585 si-

102 623 176 660 ve
206 604 464 677 infantes)
496 604 607 659 iam
636 614 791 660 antea
821 614 1044 676 paterna
1076 607 1549 661 commiseratione
1575 623 1708 661 con-

104 680 356 751 spiciens
370 720 384 743 ,
427 680 686 734 misertus
712 698 836 734 sum
864 688 918 735 et
950 682 1231 735 miseriam
1269 681 1607 752 perditorum
1648 682 1708 735 in

108 754 449 827 voluptatem
470 755 779 826 genitorum
799 756 1181 819 transmutavi,
1208 764 1371 827 atque
1390 756 1480 811 his
1503 755 1706 811 adauxi

109 846 302 884 eorum
323 830 622 884 civitatem.
700 830 932 885 Nuncne
952 847 1083 902 ergo
1103 830 1382 886 destruam
1404 832 1702 903 regionem,

108 913 164 958 et
184 906 401 958 iussum
421 904 562 957 dabo
582 904 860 959 civitatem
882 904 1170 959 hominum
1190 907 1494 977 corrumpi,
1529 906 1629 960 ubi
1647 915 1707 961 tu

108 979 516 1050 corruptionem
534 978 843 1033 umbraculi
862 996 969 1033 non
991 981 1220 1051 potuisti
1241 979 1501 1035 sufferre?

225 1106 311 1159 5⁴.
362 1105 560 1160 Verum
594 1113 654 1160 tu
681 1106 961 1160 sciscitare
992 1105 1316 1177 agricolam,
1359 1105 1710 1177 quandoqui-

109 1179 240 1234 dem
279 1187 334 1233 et
368 1196 526 1252 agros
564 1182 939 1251 persequeriS,
995 1179 1263 1252 effugiens
1308 1178 1380 1255 [*]
1427 1181 1704 1234 civitates:

107 1256 258 1309 Num
288 1255 417 1325 quis
446 1255 506 1309 in
536 1254 863 1309 domesticas
886 1250 1306 1326 frucffferasque
1328 1254 1616 1327 negligens
1637 1255 1710 1307 sit

106 1327 366 1402 plantas?
402 1347 535 1383 num
564 1347 811 1385 securem
842 1330 900 1383 in
929 1330 1098 1383 utiles
1129 1329 1348 1384 arbores
1383 1326 1602 1383 afferat?
1642 1346 1709 1381 an

108 1405 413 1476 quisquam
441 1405 499 1458 in
530 1405 747 1476 plantae
778 1403 961 1458 labore
990 1421 1050 1459 se
1079 1404 1354 1468 incuriose
1383 1403 1582 1457 habeat
1611 1420 1711 1474 pro

110 1478 301 1533 radice
331 1480 698 1551 assequenda,
732 1479 820 1535 vel
845 1479 1006 1534 facile
1029 1479 1228 1534 evellat
1247 1480 1468 1533 iamiam
1495 1479 1594 1533 vix
1612 1478 1712 1532 de-

112 1573 269 1610 mum
294 1555 629 1626 plantatam?
664 1557 855 1610 Nonne
884 1556 1070 1626 potius
1091 1572 1149 1610 se
1172 1573 1386 1624 armans
1408 1563 1592 1610 contra
1611 1572 1711 1609 ve-

110 1630 413 1704 getabilem
442 1640 689 1686 naturam
719 1631 1064 1686 deficientem
1092 1630 1326 1685 multum
1368 1630 1569 1684 laboris
1605 1631 1713 1684 im-

108 1706 335 1779 pendit,
359 1705 651 1760 alliciendo
671 1707 887 1778 plantae
908 1715 1177 1770 naturam,
1202 1714 1254 1760 et
1274 1700 1568 1760 reficiendo
1589 1723 1710 1760 eam

107 1799 212 1854 per
241 1798 430 1835 curam
458 1780 735 1845 sedulam,
782 1791 844 1836 ut
879 1789 1146 1853 quantum
1175 1780 1242 1835 ab
1272 1782 1511 1835 externis
1541 1782 1714 1835 susti-

111 1857 300 1911 nuerit
330 1855 575 1920 damniS,
606 1865 816 1910 tantum
844 1874 916 1911 ex
936 1856 1206 1932 agricolae
1228 1856 1511 1911 laboribus
1532 1857 1712 1911 nutri-

111 1941 169 1986 ta
186 1972 200 1995 ,
233 1940 351 1985 tum
373 1931 622 2003 proprias
643 1932 791 1986 vires
813 1932 870 1986 in
892 1949 951 1986 se
973 1931 1223 2004 colligat,
1256 1940 1372 1987 tum
1396 1930 1713 1986 infertilita-

110 2016 227 2061 tem
246 2007 307 2060 in
328 2004 661 2060 feracitatem
682 2005 892 2061 vertat?
916 2008 1038 2061 Non
1057 2007 1216 2061 vides
1231 2047 1243 2071 ,
1269 2006 1529 2061 arefactas
1552 2006 1712 2061 arbo-

111 2099 201 2136 res
232 2080 507 2152 quomodo
529 2081 850 2136 humificant
870 2081 1141 2153 agricolae
1157 2122 1169 2144 ,
1210 2090 1301 2136 aut
1322 2082 1516 2136 subtili
1537 2090 1711 2136 terrae

110 2159 359 2211 scissura
393 2155 534 2211 facta
569 2157 860 2210 transitum
898 2173 1071 2226 aquae
1117 2155 1325 2211 faciunt
1369 2156 1707 2229 expeditum,

114 2241 208 2286 aut
238 2232 387 2286 circa
417 2229 665 2286 arborem
695 2230 897 2285 fossam
924 2230 1142 2286 fodiunt
1175 2231 1360 2302 poculi
1398 2233 1595 2294 instar,
1650 2238 1712 2284 ut

112 2315 370 2362 manente
400 2307 459 2360 in
481 2324 542 2361 ea
565 2323 705 2377 aqua
726 2307 881 2360 illam
896 2347 908 2371 ,
942 2324 1110 2377 quam
1132 2308 1229 2361 vix
1248 2313 1494 2377 poterant
1513 2306 1714 2377 irriga-

112 2401 198 2446 re,
246 2381 502 2437 foveant?
539 2383 656 2435 Non
695 2380 875 2444 videS,
925 2380 1199 2452 quomodo
1237 2381 1393 2434 humi
1431 2387 1712 2451 serpentes

111 2457 369 2529 surculos
396 2456 483 2511 vel
513 2455 581 2510 ad
602 2465 799 2510 terram
819 2456 1110 2511 inclinatos
1132 2454 1462 2508 industriose
1486 2454 1712 2508 calamis

111 2532 339 2605 (fulcris)
362 2534 599 2604 erigunt,
624 2540 684 2585 ut
703 2532 919 2601 pondus
943 2530 1221 2585 fructuum
1232 2527 1558 2582 sublevent?
1573 2543 1714 2599 quo-

112 2609 277 2663 modo
320 2609 485 2662 etiam
524 2606 773 2662 utiliores
806 2607 1021 2679 plantas
1058 2602 1340 2659 inserunt?
1387 2603 1495 2659 Cur
1532 2612 1711 2658 autem

218 2779 262 2825 ¹¹)
318 2789 355 2818 s.
382 2780 642 2818 individuum
667 2782 978 2825 numentum,
1026 2788 1109 2827 qno
1137 2777 1276 2817 Gloss.
1303 2776 1504 2826 intelligit
1528 2776 1715 2816 densita-

117 2837 207 2912 tem
232 2831 450 2870 foliorum.
502 2829 665 2870 Auch.
1180 2877 1262 2927 Fr
1278 2880 1307 2926 2
