2050 3100
81 171 172 241 [Ihm]
223 183 262 228 IN
281 184 457 230 GENESIN.
479 184 608 229 SERMO
627 185 670 229 111.
834 182 849 231 9

80 277 141 334 alteri
153 289 178 336 et
193 299 300 355 gressus
313 293 389 338 motu
410 283 553 339 amborum
572 291 731 357 peragatur:
764 286 802 340 ita
820 295 851 342 ut

79 368 201 421 perunum
209 359 296 414 solum
309 366 430 430 nequeat
443 376 487 413 res
501 359 634 430 persolvi.
674 361 731 414 Neo
745 360 851 415 solum-

78 428 142 483 nodo
150 447 255 503 gressus
265 443 292 488 et
301 434 401 497 tibiae,
420 433 611 488 verumetiam
622 443 737 489 cruraet
749 451 850 506 scapu-

77 499 110 556 he
120 512 144 559 et
154 522 232 562 ooxae
246 517 273 564 et
286 508 372 563 ubera
387 516 535 579 partesque
549 506 661 563 dextera
681 516 708 563 et
725 509 847 573 sinistra,

77 575 195 636 simillimo
205 583 285 638 modo
295 582 387 637 divisa
402 582 527 637 indieant
542 582 726 648 harmoniam,
748 601 850 639 oonve-

76 651 186 710 risntiam
203 666 284 729 atque
303 657 435 712 unionem
452 664 594 728 tamquam
617 659 846 723 connaturalium,

76 725 223 799 singulorum
231 740 300 804 puta
310 733 389 788 iuxta
400 731 526 805 singulas
539 732 647 804 speeies
662 732 849 790 dinumerato—

74 816 122 856 run

118 889 149 969 [Ἴ
163 896 195 954 Et
207 899 363 955 universim
376 899 547 970 quicumque
564 899 647 954 simul
663 908 690 954 et
704 915 790 971 aeque
803 900 849 954 bi-

73 969 262 1043 putitaspartes
275 974 460 1045 praescriptas
475 973 673 1029 consideratio
688 991 776 1029 unum
791 975 848 1030 ool-

73 1037 150 1109 luutas,
169 1048 292 1103 inveniet
306 1065 389 1104 unam
404 1065 440 1103 ex
453 1048 588 1103 ambabus
603 1047 754 1103 consectam
767 1057 848 1104 natu·

73 1130 126 1171 rum.
159 1119 233 1178 Siout
255 1140 356 1178 manus
374 1123 468 1178 unitae
486 1123 642 1197 ligataeque
665 1139 728 1177 oum
751 1122 847 1195 digitis

73 1203 197 1251 uramur
207 1215 273 1252 oum
283 1198 341 1253 illis
351 1198 522 1253 harmoniam
531 1215 599 1269 prae
609 1213 639 1250 se
651 1195 735 1261 ferre,
757 1205 784 1250 et
798 1214 848 1268 pe-

72 1261 245 1328 deureoolleoti
255 1275 288 1327 in
297 1273 427 1327 unionem
436 1272 558 1336 tendere,
571 1280 598 1326 et
608 1287 688 1324 aures
698 1286 849 1344 oongrega-

71 1345 105 1392 ise
114 1359 158 1412 per
168 1347 262 1403 orbem
281 1347 385 1420 figurae
404 1346 599 1419 amphitheatri
620 1361 684 1399 oum
702 1345 848 1400 intervallo

70 1428 94 1465 ω
105 1419 185 1474 unire:
208 1425 251 1477 sio
266 1424 361 1494 itaque
373 1430 469 1477 natura
482 1429 574 1476 nostra
584 1437 693 1492 semper
700 1421 778 1492 juxta
789 1421 848 1474 sin-

70 1488 135 1558 &⁰1³⁸
143 1498 259 1567 species,
271 1497 397 1564 illarum,
418 1514 490 1569 quae
504 1497 585 1552 nohis
598 1495 706 1561 insunt,
727 1497 847 1568 partium

70 1560 214 1627 divisionem
224 1573 344 1637 iaciens,
359 1574 494 1628 sectiones
504 1572 642 1627 disiunxit
653 1571 846 1643 disposuitque

69 1642 135 1723 (lilasi
153 1657 240 1703 eontra
260 1665 292 1702 se
310 1648 446 1712 invisam,
474 1646 597 1702 eomodo
611 1664 666 1718 quo
680 1645 848 1718 mundum*)

70 1710 180 1797 (ilgessiu
200 1724 274 1778 siout
288 1722 420 1777 etiamad
434 1721 526 1777 facilis
540 1722 706 1793 operationis
721 1722 848 1775 ministe-

69 1803 139 1873 ΠΨ.
172 1795 205 1852 Et
218 1799 318 1853 iterum
333 1797 444 1869 singula
455 1798 533 1852 iuxta
543 1796 668 1869 singulas
680 1797 787 1868 speeies
798 1794 848 1849 ad-

69 1865 147 1920 uruit
161 1869 189 1924 in
207 1890 292 1927 unam
311 1873 446 1927 actionem
465 1871 637 1943 eandemque
650 1872 845 1942 operationem.

70 1936 184 2011 o⁰lligens
192 1949 284 2002 omnia
293 1948 448 2002 universim
458 1946 639 2001 considerata.

114 2029 164 2085 Neo
176 2035 263 2090 solum
277 2046 368 2107 partes
383 2036 505 2107 eorporis
519 2035 597 2092 videt
611 2034 713 2106 aliquis
727 2035 769 2088 sio
783 2035 847 2087 iun-

71 2106 255 2177 susceperas,
278 2112 310 2163 in
323 2112 426 2166 unione
440 2110 593 2165 disiunctas
614 2118 640 2164 et
659 2109 689 2163 in
709 2108 847 2163 divisione

71 2176 160 2243 unitus,
174 2184 315 2240 sedetiam
324 2187 442 2240 animae.
482 2184 617 2251 Quoniam
628 2200 692 2239 vero
701 2184 786 2243 huius
799 2198 848 2236 su-

71 2250 175 2314 periores
191 2260 324 2314 sectiones
346 2259 416 2315 duae
436 2260 509 2315 siout
523 2259 636 2315 totidem
650 2258 757 2329 plateae
771 2266 844 2321 sunt,

72 2324 193 2385 rationalis
212 2350 311 2405 nempe
330 2343 356 2390 et
378 2334 558 2398 irrationalis,
591 2341 681 2405 partes
702 2335 847 2403 utriusque

73 2400 184 2459 sotanis
197 2406 298 2463 hahent
310 2410 450 2482 propriam
463 2408 643 2465 divisionem:
667 2414 698 2463 ut
707 2406 848 2463 rationalis

78 2508 264 2538 ἣ--ι-

114 2570 133 2619 ”)
148 2575 186 2617 ΗΙο
194 2584 308 2630 requires·
317 2582 360 2622 ruit
370 2583 434 2622 laetis
444 2582 526 2625 Grsees
538 2580 625 2633 κόσμος,
644 2592 698 2631 quaa
711 2591 778 2629 seque
789 2588 848 2617 mun-

76 2616 105 2655 *
120 2627 177 2673 ‘iiiut
192 2636 331 2671 mmmm
348 2637 432 2681 poterat
449 2636 511 2673 verti.
539 2634 561 2672 Si
579 2643 629 2681 ergo
647 2630 763 2671 secundum
781 2629 848 2675 sugas

78 2672 157 2721 mmm,
173 2683 241 2726 prust
252 2686 274 2722 et
285 2683 345 2722 Arm.
355 2684 386 2721 sio
394 2685 460 2723 verti:
480 2685 526 2722 Hoc
534 2686 595 2722 modo
603 2680 762 2720 accommodavit
771 2680 812 2715 tum
821 2678 850 2714 ad

78 2723 439 2780 Quorsumnam),
454 2733 659 2782 amnesamnes.
685 2727 764 2766 surh.
