2050 3100
73 123 194 191 [1,1tt.]‘
279 128 350 175 urs.
369 130 418 176 nu
437 129 679 177 autumnus.
828 122 875 176 439

73 230 207 285 cernitur
219 246 273 284 non
287 230 376 285 solum
390 231 420 285 in
432 229 626 285 mansuefactis
640 238 666 285 et
681 229 753 301 apud
768 246 816 285 noa
826 230 877 284 dc·

72 304 228 378 gentibus,
245 304 294 358 sed
303 305 333 358 in
342 304 444 359 belluis
453 322 576 378 qnoque,
588 322 664 376 quae
673 304 801 359 videntur
811 300 885 358 con-'

73 379 229 434 tinentiam
239 379 311 433 ultro
320 378 374 433 sibi
385 378 545 435 adscivisse.
582 379 662 435 Plura
673 378 786 451 quidem
795 395 876 449 opor7

73 461 155 508 teret
167 454 196 507 in
210 452 332 508 medium
350 455 475 525 exempla
495 455 565 510 ferre
583 454 776 509 diffidentibus
794 453 876 508 tidem

76 528 203 591 factura,
223 544 318 582 verum
332 529 399 583 satis
414 530 465 583 erit
474 531 557 584 unius
568 532 705 585 mentione
718 528 876 583 facta'simi-

76 604 150 657 liter
159 603 341 675 argumentari
352 611 378 657 et
388 604 422 657 de
432 605 546 658 caeteris
556 604 608 659 suh
619 604 738 660 silentio.
778 603 876 658 Croco-v

76 677 162 732 dilus
171 676 313 731 hominum
322 695 407 733 vorax
416 678 643 749 amphibiumque
653 678 876 753 inaegyptoani-

76 752 155 815 mal,
176 751 276 806 coitum
285 751 420 817 facturus,
443 752 562 807 educens
573 751 702 808 feminam
712 750 829 808 revolvit
842 751 876 806 ad

77 828 176 897 ripam
189 823 281 890 fluvii,
301 829 367 897 quia
382 828 461 883 dorso
475 828 576 898 supino
589 829 730 882 consuevit
746 844 876 882 concum-

77 902 165 957 bere:
194 910 256 971 post
269 910 360 958 autem
373 903 475 957 coitum
488 918 584 968 rursus
598 918 680 957 manu
694 902 804 956 elevans
813 918 877 956 vcr-

77 984 128 1031 sat
137 992 207 1029 eam.
246 974 337 1041 Quum
346 986 437 1031 autem
446 976 601 1047 suspicatur
611 993 670 1031 eam
679 975 734 1029 iam
744 977 877 1030 commix-

16 1111 17 1114 ,
77 1061 142 1106 tam
152 1050 215 1106 aliis
227 1053 398 1123 concepisse,
418 1052 484 1123 quia
497 1049 631 1106 subdolus
646 1058 700 1113 est,
722 1049 833 1104 simulat
846 1066 877 1105 se

78 1124 291 1196 aliquomodo,
320 1127 401 1197 quasi
421 1127 521 1183 iterum
540 1132 648 1197 appetat
668 1124 782 1191 coitum3
817 1130 877 1182 tum

77 1211 228 1271 tamquam
235 1201 355 1258 amasius
365 1200 495 1272 cupidine
505 1208 582 1255 actus
591 1200 716 1270 sequitur
727 1214 786 1253 eam
797 1206 824 1252 et
832 1214 878 1253 so·

79 1276 135 1332 lito
150 1274 229 1329 modo
242 1275 360 1330 revolvit
378 1276 476 1346 ipsam.
515 1276 550 1329 Ut
569 1282 659 1329 autem
678 1274 769 1327 statim
788 1280 877 1329 certus

79 1348 215 1417 reddatur
225 1349 259 1405 de
269 1351 407 1421 opinione,
414 1350 551 1406 odorando
562 1356 608 1403 aut
618 1348 711 1420 aliquo
721 1347 774 1402 alio
785 1346 874 1409 modo,

82 1441 218 1482 verumne
231 1425 272 1482 sit.
280 1434 329 1479 aut
340 1426 504 1481 contrarium
514 1424 642 1478 -habet
653 1423 726 1477 enim
737 1440 772 1477 ex
782 1429 878 1479 natura

79 1499 228 1563 scientiam
238 1500 437 1573 incognitorum
451 1530 501 1566 -‚
523 1500 620 1555 certior
635 1497 722 1553 factus
737 1498 877 1556 evidenter

80 1576 121 1630 ab
128 1576 201 1650 ,ipsis
211 1575 294 1629 rebus
304 1576 338 1631 de
347 1576 509 1640 concubitu,
524 1574 665 1648 unguibus
676 1574 796 1630 lacerans
806 1575 877 1629 inte-

80 1651 157 1706 stina
171 1649 338 1721 depascitur3
360 1651 622 1714 teneraenimsunt,
645 1667 707 1704 cum
718 1649 876 1705 exadverso

81 1725 205 1780 musculi
220 1725 274 1781 sint
288 1727 410 1797 squamis
424 1725 512 1780 solide
527 1724 657 1782 connexis
675 1724 877 1798 colligatisque,

80 1802 124 1856 ita
134 1807 164 1853 ut
172 1799 216 1854 vel
228 1799 330 1854 ferrum
339 1810 449 1856 acutum
458 1801 585 1858 hebetent
593 1808 756 1857 contactum.

117 1891 131 1964 ’,
142 1906 184 1958 ot.
204 1903 295 1970 Quum
303 1905 434 1959 hactenus
444 1905 478 1959 de
489 1905 633 1960 sobrietate
644 1913 733 1960 actum
743 1907 792 1969 sit,
807 1903 878 1975 quid.

84 1995 156 2051 opus
165 1980 201 2033 sit
211 1978 246 2033 de
256 1978 414 2034 fortitudine
424 1979 543 2035 referre?
561 1979 787 2050 Quandoquidem
797 1995 876 2050 apro-

85 2071 150 2108 rum
164 2062 211 2108 aut
223 2062 376 2118 taurorum,
396 2054 441 2109 vel
461 2055 636 2126 elephantum
656 2062 876 2122 caeterorumque

84 2129 133 2183 his
152 2127 314 2184 ferociorum
332 2129 416 2183 robur
433 2129 547 2201 vimque
561 2145 640 2182 nemo
655 2127 758 2197 estqui
773 2127 877 2180 nesciat

84 2205 225 2276 ingentem
238 2220 311 2266 esse,
332 2212 359 2258 et
369 2204 427 2259 loco
438 2205 564 2275 exigente
577 2200 613 2276 [Ἴ
625 2217 755 2272 magnum
766 2198 876 2254 fortem·

85 2294 142 2349 que
151 2279 271 2332 animum
281 2277 464 2332 demonstrare
474 2279 544 2330 mira
554 2277 583 2328 in
593 2291 685 2346 pugna
700 2282 766 2328 arte.
804 2275 877 2329 Ecce

87 2353 161 2407 enim
173 2353 256 2406 istum
271 2352 399 2426 (taurum)
411 2353 471 2407 vidi
481 2353 510 2404 in
521 2351 622 2404 luctam
631 2349 785 2402 venientem
795 2348 876 2418 pedi-

85 2428 149 2490 bus,
158 2427 319 2500 gladiatoris
327 2428 422 2490 instar,
433 2427 577 2498 pulverem
586 2424 727 2486 suscitare,
739 2431 815 2477 torve
826 2424 875 2478 ad-

84 2503 190 2574 spicere
204 2501 292 2557 ooulis
306 2501 530 2565 rubescentibus,
551 2507 577 2553 et
591 2497 719 2552 cornibus
730 2495 764 2551 ad
775 2495 876 2552 ferien-

86 2577 154 2632 dum
161 2578 262 2648 paratis
272 2575 363 2630 furore
375 2577 493 2638 fervere,
504 2581 614 2644 totoque
624 2573 753 2644 adspectu
763 2571 875 2626 horren·

89 2653 303 2723 dumapparere.
342 2650 446 2722 Aprum
456 2657 546 2704 autem
555 2647 665 2712 dicunt}
684 2648 733 2718 qui
750 2656 879 2702 venatum·
