2050 3100
18 166 167 256 '[u,2ao.]
232 195 273 239 1u
293 192 472 238 caussam.
493 192 620 237 suuuo
639 194 681 239 iv.
818 186 866 241 tot

112 296 156 351 Ad
164 303 292 350 mentem
302 311 382 350 vero:
399 294 500 349 Mentis
508 293 740 367 uxorsymbolioe
751 302 792 349 est
803 312 867 351 sen·

58 390 118 437 sus,
139 372 192 443 qui
208 369 372 425 nonsolum
386 369 417 423 in
431 369 563 439 pessimis
573 368 747 434 hominibus,
769 386 865 425 verum

59 448 140 501 etiam
149 448 180 500 in
192 444 407 516 proficientibus
417 443 544 499 effraenis
554 445 729 516 comperitur,
742 453 769 501 ot
779 445 867 501 decli·

59 531 104 577 nat
125 522 161 577 ad
182 519 335 575 sensibilia
349 518 427 573 etad
441 526 555 573 externa
568 521 661 590 potius
676 536 760 591 quam
773 520 808 575 ad
822 522 867 575 in-

59 596 259 651 temeratione
274 593 409 649 videnda.
447 592 632 659 Quamobrem
651 597 811 659 revertitur,
837 604 867 667 ut

59 681 184 743 putatur,
201 671 235 724 in
243 668 408 732 Sodomam,
422 670 558 723 veraciter
567 678 657 725 minen
669 671 703 725 ad
713 672 867 742 possessio-

59 765 106 804 ues
126 745 316 815 visibiliaque
333 744 436 797 omnia.
476 744 632 801 devertitur
654 754 746 801 autem
768 747 803 800 ad
823 764 863 810 aa,

58 839 128 892 quae
139 820 196 876 sub
209 836 343 875 mensura
357 819 472 882 cadunt,
493 820 555 875 siue
570 837 712 885 mensura,
735 830 815 893 atque
831 822 866 876 ad

60 914 153 952 corum
174 895 364 951 exhalationis
383 894 575 951 distinctiones
594 904 621 950 ot
638 897 753 951 iucundi
773 898 865 952 odoris

59 974 224 1043 saporisque
236 978 263 1024 et
273 969 398 1025 humoris
408 969 602 1040 pmprietates‚
623 980 824 1027 convertentes
835 990 866 1027 ac

59 1056 169 1102 mutans
190 1047 222 1101 in
242 1062 288 1099 ros
302 1045 403 1115 spiritu
419 1052 556 1109 carentes,
576 1048 697 1117 seposito
711 1048 863 1111 intellectu,

60 1140 90 1176 eo
100 1122 179 1193 quod
190 1123 249 1176 iam
258 1119 388 1174 animalis
399 1119 456 1175 fere
465 1136 558 1175 marus
572 1132 638 1175 erat.

63 1361 142 1420 Quare
157 1399 174 1425 „
183 1361 311 1411 Abrabam
326 1378 394 1411 mane
402 1361 561 1425 praeveniens
574 1361 599 1409 in
614 1360 699 1423 boum,
721 1360 747 1409 in
763 1377 808 1425 quo
817 1370 866 1411 sta·

127 1433 171 1479 bct
192 1447 275 1479 coram
297 1429 401 1491 mino,
431 1430 535 1493 respexit
555 1428 580 1477 in
595 1429 687 1493 facim
709 1426 866 1478 Sodomorum

127 1508 152 1547 et
171 1496 388 1547 Gomomlaeorum
406 1498 511 1546 στείνεα
528 1495 637 1562 ropionea
654 1494 748 1560 eorum
773 1506 796 1547 et
813 1514 865 1547 ecce

128 1566 239 1616 ascendit
250 1565 355 1629 flamma
368 1575 447 1615 imae
461 1565 640 1629 quosiflomma
648 1565 796 1631 fornacum
810 1569 863 1632 (19,

129 1639 161 1683 27
174 1635 209 1698 s.)

116 1756 161 1806 53.
182 1751 558 1823 llliriticepietatemassetit:
581 1752 716 1808 booenim
730 1753 864 1824 sapientis

65 1835 119 1890 ost,
131 1836 216 1892 stara,
228 1843 278 1882 neo
289 1828 386 1890 laxari,
399 1828 448 1881 sed
460 1825 497 1901 [*]
510 1829 639 1882 continuo
649 1829 709 1882 sina
720 1828 805 1881 animi
815 1827 865 1881 do·

64 1902 207 1957 relictione
220 1917 356 1974 usurpare
369 1918 466 1973 preces
480 1902 516 1957 ob
530 1902 715 1957 inhibendum
727 1902 865 1958 iudicium

65 1977 385 2049 indignisinierendum.
421 1977 507 2033 Odeo
517 1977 713 2050 dignissimum
724 1978 865 2049 exemplar

65 2051 233 2125 dignationis
244 2071 276 2107 ac
285 2053 481 2125 boingnitatis!
507 2051 642 2119 Quoniam
656 2053 739 2107 dicit:
770 2053 800 2107 si
815 2052 865 2108 de-

65 2128 171 2182 viantes
185 2129 320 2199 quosdam
335 2128 416 2182 vides
430 2127 576 2202 (domine),
601 2128 658 2182 noli
677 2127 823 2199 desperare
838 2138 865 2184 at

66 2203 176 2257 machi.
215 2205 344 2259 Metuens
356 2219 422 2257 sane
436 2202 586 2275 potentiam
601 2204 713 2257 virtutis
723 2205 864 2274 punientis

66 2277 310 2350 deperdentisque‚
330 2286 442 2349 patrem
449 2279 544 2349 ipsum
563 2277 727 2349 suppliciter
746 2281 863 2352 rogavit.

67 2353 211 2423 Postquam
224 2372 291 2409 vero
304 2367 373 2408 eum'
387 2362 532 2426 rogaverat
550 2353 738 2408 indesinenter
756 2356 865 2426 magnis

68 2429 208 2497 precibus,
221 2429 365 2491 leniendo,
377 2429 534 2483 venetundo
544 2437 625 2499 atque
636 2427 671 2482 de
681 2429 770 2483 salute
779 2429 865 2483 anba-

68 2502 160 2567 lando‚
181 2503 294 2558 obviam
307 2506 429 2558 cucurrit
437 2503 689 2575 supplicationibus
700 2512 812 2574 propter
821 2503 865 2556 in-

69 2577 235 2632 evidentiam
249 2577 418 2643 futurorum,
438 2578 666 2649 quandoquidem
679 2579 751 2631 sicut
761 2575 866 2630 benefi-

70 2668 115 2706 cus
124 2654 322 2718 estetsuavis3
342 2654 382 2708 sio
392 2655 475 2708 etiam
488 2653 656 2708 bon-sudus:
681 2650 822 2704 beneficus
836 2659 867 2706 ut

71 2725 149 2791 deus,
174 2727 329 2784 horrendus
342 2730 416 2783 sicut
428 2728 569 2781 dominus.
608 2727 710 2778 Littera
728 2724 796 2777 haec
815 2734 866 2777 ast.
