2050 3100
152 251 186 309 82
378 255 564 300 rainonis
587 253 724 302 lunum
872 251 903 318 [l,
914 251 956 317 tt]

152 356 328 427 speciesque,
349 372 430 410 casus
446 363 474 410 et
485 355 692 412 coniunctiones
705 363 733 409 et
742 356 887 428 quicquid
897 376 958 414 con·

152 431 245 486 simile
253 433 304 495 sit,
319 448 369 502 per
379 431 582 502 providentiam
593 430 652 484 lieri
662 447 787 485 asserere
798 449 913 488 summa
921 442 957 488 est

152 507 284 560 amentia:
320 507 376 560 nisi
389 507 678 577 priusccnstituatur,
700 507 830 560 omnium
849 510 957 570 omnino

152 583 374 652 incorporeorum
393 581 536 635 materiam
555 580 584 635 vi
606 589 719 636 naturae
743 598 814 636 suae
834 593 956 642 vaccum

151 663 360 727 essecporter03
392 656 616 726 undesequitur,
634 672 723 726 neque
733 657 849 726 species
860 660 956 713 artium

151 747 241 802 neque
251 738 323 785 artes
334 731 502 802 ingeniaque
512 730 609 792 exdeo
619 747 689 784 esse.
725 729 755 784 Si
766 748 837 804 ergo
847 751 902 790 nec
914 751 956 788 ra-

150 822 235 860 cuum
250 823 301 867 nec
315 814 425 876 tempus
440 823 491 860 nec
505 806 616 860 termini
631 823 681 860 nec
693 804 798 877 figurae
809 825 907 881 neque
916 826 956 862 se-

149 881 264 945 ctiones,
277 889 324 935 aut
332 897 524 951 quaecumque
535 897 671 952 pervoces
681 881 843 952 significata
853 884 955 938 soleant

149 955 298 1026 appellari,
317 963 422 1025 queant
437 955 494 1010 dici
515 955 611 1011 divino
632 956 744 1028 ingenio
763 955 839 1012 lacta
860 958 952 1021 fuisse,
1008 993 1009 1004 ,

149 1030 219 1101 quid
234 1030 360 1086 aliudde
375 1030 496 1085 residuis
510 1031 593 1085 liceat
607 1029 717 1086 dicere?

150 1148 153 1152 ⁴
204 1123 366 1178 55.P1111.0.
386 1121 470 1187 liudi,
482 1122 748 1190 cviradruirabilis3
771 1123 955 1198 interroganti
1008 1161 1009 1168 ,

149 1197 395 1269 enimrespondere
404 1197 527 1268 expedit,
541 1199 596 1252 imo
607 1197 724 1252 et-illum
734 1214 860 1268 quoque,
873 1217 955 1271 quem
1008 1203 1009 1274 i

148 1290 229 1328 nemo
238 1273 343 1344 passim
353 1275 516 1344 interrogat,
532 1273 607 1327 hunc
617 1272 694 1328 decet
704 1272 841 1328 adhihere
853 1275 956 1330 libera-
1008 1275 1009 1328 i

75 1371 82 1384 ·
148 1347 211 1404 liter
225 1356 252 1402 et
267 1348 328 1402 sine
342 1346 450 1402 invidia
462 1345 626 1410 doctrinam.
669 1347 744 1402 Dicis
759 1347 846 1402 deum
864 1350 957 1405 locum

148 1440 251 1479 norum
265 1439 320 1477 non
334 1421 451 1477 condere
465 1422 584 1494 ideoque
602 1441 691 1494 neque
711 1439 812 1494 corpus
831 1441 956 1480 creasse.

146 1499 226 1553 Disce
241 1506 347 1563 tamen,
368 1497 444 1569 quod
458 1497 521 1553 dico
536 1498 601 1563 tibi,
625 1500 725 1565 certius
737 1499 869 1555 civitates
879 1501 958 1573 aspi-

146 1572 255 1628 ciendo.
294 1575 363 1628 Istas
378 1574 453 1628 enim
466 1573 573 1646 singuli
583 1574 723 1645 principes
734 1575 844 1645 antiqui
856 1576 959 1643 condi-

147 1647 226 1701 dere:
252 1641 375 1703 Theseus
385 1647 505 1706 Athenas
516 1650 546 1703 in
556 1650 644 1703 Attica
658 1657 684 1703 et
697 1650 833 1703 Laconica
851 1649 959 1723 (regio-

146 1720 204 1792 ne),
221 1728 248 1775 et
257 1719 414 1778 Alexander
423 1723 534 1780 Macedo
551 1721 587 1797 [Ἴ
604 1724 855 1779 nominatissimam
867 1725 960 1783 Alex-

146 1796 271 1861 andriam
289 1798 367 1854 iuxta
387 1799 554 1873 Aegyptum.
590 1797 728 1865 ¹Attamen
751 1815 802 1853 nec
823 1800 960 1857 Theseus

144 1870 263 1928 Atticam
278 1872 497 1945 Laconicamque
517 1890 606 1945 neque
620 1872 776 1928 Alexander
790 1872 960 1948 Aegyptum

146 1946 189 2001 vel
199 1946 315 2019 Libyam
331 1946 516 2022 (formarunt),
536 1949 586 2003 sed
596 1966 665 2020 opus
676 1956 788 2005 naturae
799 1966 960 2022 praepara·

144 2030 202 2077 tum
213 2023 392 2093 reperientes,
405 2023 457 2080 hoc
467 2033 508 2080 est
519 2040 565 2079 eas
576 2024 711 2097 regiones,
727 2031 800 2079 certa
810 2026 958 2094 quaedam

144 2098 234 2168 spatia
244 2098 486 2155 circumdederunt
495 2100 652 2164 moenibus,
667 2108 827 2169 caeteraque
838 2102 958 2170 privata

144 2182 172 2227 et
190 2173 302 2244 puhlica
322 2174 449 2237 aedificia
467 2184 656 2231 construentes
676 2175 829 2230 nominatas
851 2175 959 2233 edide-

144 2257 208 2303 runt
228 2248 321 2303 urbes.
360 2248 496 2305 Similiter
515 2258 541 2305 et
556 2251 638 2316 deus,
660 2250 728 2321 quin
743 2266 848 2303 novum
865 2254 959 2323 quid-

143 2325 218 2395 piam
239 2324 418 2389 elaborasset,
448 2325 483 2380 de
501 2342 572 2380 novo
593 2342 720 2398 maguam
738 2324 819 2378 istam
833 2326 957 2392 urbem,

144 2398 294 2463 mundum,
311 2402 415 2455 creavit
430 2417 462 2454 ac
475 2418 531 2455 una
546 2417 609 2456 cum
624 2418 656 2455 eo
672 2400 761 2455 locum
780 2400 871 2457 etiam
886 2406 959 2459 oriri

144 2472 218 2527 iecit.
257 2472 392 2539 Quoniam
412 2474 586 2546 plenitudine
606 2474 726 2547 corporis
747 2474 822 2538 data,
850 2482 958 2550 spatii,

142 2547 215 2599 sicut
235 2554 261 2599 et
280 2554 310 2600 tu
331 2550 490 2603 existimare
510 2566 629 2621 aequum
645 2549 764 2613 duxisti,
786 2548 870 2606 nulla
887 2572 960 2626 pars

141 2619 207 2678 erit,
229 2636 300 2686 quae
311 2622 410 2675 nonsit
420 2622 507 2683 locus.
546 2624 696 2677 Evidenter
706 2626 799 2695 itaque
810 2623 846 2678 de
859 2645 962 2686 vacuo

141 2688 255 2756 locoque
264 2691 332 2744 haec
343 2694 453 2748 interim
463 2696 531 2749 satis
542 2696 615 2751 dicta
626 2698 695 2751 sint:

193 2775 236 2824 56.
261 2776 363 2845 Figura
376 2788 467 2835 autem
481 2782 593 2846 mundi,
615 2786 688 2840 sicut
701 2792 727 2839 et
738 2784 862 2839 muudus
875 2790 961 2863 ipse,
