2050 3100
177 145 225 197 {88
294 145 485 192 nurnine.
506 144 667 201 annsn.
683 145 733 188 nn
752 144 834 192 son.
857 133 901 211 [u,
914 137 978 216 ara]

176 247 252 303 Unde
272 255 298 300 et
318 261 416 300 nomen
435 251 541 298 certum
563 243 663 313 recipit
688 242 916 315 „deceptorem“
945 267 979 302 ac

176 320 470 392 ‚‚supplantatorem“,
491 334 575 389 quem
589 318 706 372 Hebraei
719 327 818 373 vocant
831 321 925 375 lacob.

193 494 239 544 Car
247 493 373 558 sexaginta
382 507 494 540 annorum
504 490 661 554 dicitnrfllr'oa
670 491 779 555 pensasse
787 491 878 542 Isaac?
894 495 957 560 (ib.)

229 613 286 666 llil.
316 609 518 682 sexagenarius
538 625 670 664 numerus
688 627 817 665 mensura
836 620 877 666 est
896 629 976 668 com-

172 684 345 757 prehendens
356 685 385 737 in
398 701 428 738 se
442 684 586 739 zodiacum
599 681 635 813 C]
647 684 759 749 mundi,
781 686 907 757 quinque
922 705 976 742 an-

173 760 301 833 gulorum
312 758 457 813 duodecim
468 759 600 813 divisioni
622 776 655 812 us
665 759 749 814 simul
760 761 893 830 sumptis3
916 779 976 833 qua

173 836 247 889 enim
261 835 365 889 ratione
385 851 414 888 se
433 832 517 888 habet
534 835 563 887 in
583 835 717 888 unitatem
736 835 898 890 sexenarins
918 854 976 891 nu-

172 926 278 971 merus,
303 908 399 963 eodem
417 909 498 964 modo
517 917 544 963 et
563 909 592 962 iu
611 908 743 962 decadem
762 912 973 1038 sexapenarius.

171 984 305 1050 Quoniam
320 990 397 1038 sexto
410 985 541 1038 universa
553 991 625 1037 terra
639 983 815 1054 mundusque
837 992 897 1038 ecta
907 997 975 1042 sunt

172 1068 199 1113 et
212 1061 241 1112 in
256 1058 428 1130 sexagesimo
438 1075 508 1113 anno
518 1059 562 1114 vir
571 1057 709 1128 perfectus
718 1065 831 1131 generet
840 1059 919 1115 iuxta
930 1061 975 1116 af-

172 1133 304 1188 finitatem
319 1133 353 1187 ad
374 1132 520 1188 mundum.
559 1132 704 1204 Siquidem
725 1142 756 1187 ut
774 1135 974 1206 sexagenarius

173 1216 304 1280 cognatus
319 1217 360 1262 est
373 1216 464 1273 sexto,
486 1209 528 1262 sic
542 1216 569 1262 et
578 1223 728 1280 generosus
738 1209 782 1263 vir
791 1207 896 1263 mundo
906 1212 973 1265 uni-

175 1484 224 1537 hoo
235 1481 316 1536 modo
327 1481 512 1536 benivolentia
523 1478 687 1552 possidebit.
726 1479 780 1547 Qui
795 1497 860 1536 vero
874 1479 971 1554 (mcrq.

173 1557 278 1629 merito)
289 1557 478 1629 supplantator
487 1556 579 1611 dictus
592 1565 647 1620 est,
663 1556 786 1629 lacob.*)

217 1713 297 1771 Quare
318 1714 445 1778 aesopicae
465 1730 580 1763 annorum
597 1713 682 1763 dicitur
697 1729 824 1779 penerasae
840 1712 931 1762 Isaac?

230 1834 287 1887 tol.
310 1832 493 1905 Sexageneria
508 1840 582 1888 aetas
597 1830 691 1904 (marc.
702 1831 784 1905 meta)
793 1832 974 1887 inexcusabi-

175 1909 208 1961 lis
220 1914 246 1961 et
256 1908 451 1980 urgentissima
461 1916 502 1962 est
512 1908 542 1961 in
552 1906 670 1971 mundo,
691 1916 733 1961 est
746 1908 820 1961 enim
831 1907 975 1978 quinqua·

172 1982 301 2055 genarius
316 1982 345 2035 in
359 1981 390 2036 id
404 1982 496 2053 ipsum
510 1998 638 2046 numero,
660 1998 711 2036 nec
724 1998 778 2036 non
788 1982 871 2036 etiam
882 1982 974 2053 ipsam

172 2072 255 2127 quam
265 2055 348 2112 habet
358 2056 522 2129 elegantiam
533 2058 562 2111 in
573 2056 724 2112 unionibus
733 2055 884 2120 sextilitas,
897 2056 974 2111 hunc

174 2132 202 2185 in
217 2130 338 2185 denariis
353 2132 540 2203 sexagenum,
561 2129 692 2203 equidem
711 2132 805 2186 sextili
825 2131 974 2186 interstitio

173 2207 264 2261 omnia
279 2214 414 2261 creantur.
453 2206 504 2261 Per
519 2206 734 2279 sexagenitatam
747 2222 814 2261 vero
826 2207 871 2260 vir
880 2205 975 2278 perfe-

173 2290 233 2335 ctus
250 2280 404 2336 secundum
422 2280 528 2336 saeculi
544 2281 760 2353 proximitatem.
800 2280 878 2335 Sicut
898 2282 975 2337 enim

174 2358 348 2429 sexagenitas
363 2355 455 2411 affinis
470 2356 645 2421 sextilitatis‚
665 2356 703 2411 ite
716 2356 762 2411 vir
771 2362 888 2411 stenuus
897 2357 974 2412 omui

224 2533 246 2580 ¹)
258 2532 306 2572 Non
319 2532 472 2581 consideravit,
486 2532 544 2581 qnod
556 2534 605 2580 port
617 2529 674 2570 ΟΠ
687 2538 754 2570 annos
766 2530 864 2570 Rebecca
871 2532 972 2579 concipit.

174 2586 219 2622 tam
232 2584 337 2633 scriptura
349 2584 422 2623 divina
434 2584 582 2632 praesagiente
595 2582 685 2619 totidem
694 2590 762 2619 aanor
771 2582 793 2620 in
802 2582 974 2630 peregrlnaticna

174 2638 280 2725 atigetur,
296 2644 361 2675 unum
375 2644 387 2675 a
399 2634 448 2675 nun
461 2644 499 2683 pro
513 2630 669 2672 necessitudine
682 2632 813 2681 nuptiarum.
836 2630 974 2681 Interprer
