2050 3100
63 196 183 265 {rrum
242 202 283 247 ru
304 201 629 247 nonannoeane
648 202 690 247 iv.
821 198 868 250 tto
907 235 923 250 ,

62 320 139 366 esse,
161 301 212 357 aed
232 302 361 365 alterius,
382 313 455 373 quae
475 309 537 373 post
556 302 698 357 mortalem
718 311 772 367 est,
797 321 867 375 quae

62 393 164 450 nempe
178 383 291 432 nonest
304 373 508 448 eorreptibilis:
534 376 677 447 proprium
688 378 762 431 enim
773 386 814 433 est
823 378 869 433 in-

62 450 242 524 corruptibili
257 451 379 515 animae,
401 466 437 505 ex
451 450 585 522 corporali
606 460 702 507 natura
722 452 867 508 translatae

12 577 13 584 ,
63 535 263 599 coaptataeque
283 521 319 579 ad
339 522 561 596 incorporeorum
580 522 745 599 gaudiorum
762 528 868 599 prinoi-

62 619 136 672 pem,
149 602 291 656 seminare
300 595 479 672 laetitiam*);
496 602 627 670 quoniam
637 602 764 657 tristitiae
774 604 868 657 nescia

62 692 131 749 gens
141 676 349 749 appropinquat
359 682 442 747 atque
450 671 577 747 proxima
587 684 629 731 est
639 673 673 731 ad
683 674 777 733 deum.

108 949 150 1015 r]
171 947 256 1006 om
274 948 345 999 aa:
374 948 567 1081 ‚ssf‘gaffl
591 951 751 1015 memque
770 960 822 1001 aa

121 1163 182 1219 ⁴23.
208 1158 352 1231 Optimum
366 1178 433 1233 praa
446 1179 478 1217 aa
488 1162 542 1221 lert
552 1163 643 1219 littera
652 1163 809 1235 symbolum
819 1181 868 1234 pro

62 1235 258 1293 auditoribus:
291 1236 432 1307 siquidem
450 1238 634 1293 eonveniebat
653 1239 709 1301 eie,
729 1238 779 1307 qui
798 1242 870 1295 reci-

62 1315 147 1383 piunt
165 1318 298 1366 externae
314 1312 458 1377 materian,
480 1312 591 1377 andire,
615 1312 690 1383 quod
710 1312 870 1369 adolescens

63 1387 171 1443 ditatur
182 1384 324 1455 accipiens
333 1404 348 1441 a
357 1395 434 1459 patra
442 1387 580 1459 quioquid
591 1388 652 1442 eiua
662 1395 732 1456 erat;
757 1389 870 1461 symbo-

63 1462 123 1517 lum
133 1468 232 1517 autem
242 1460 297 1514 iem
307 1460 444 1517 dictorum
452 1479 503 1534 per
511 1480 542 1517 ee
552 1462 665 1519 edoctus
677 1461 805 1537 (lsaaous)
818 1464 870 1520 ha·

63 1537 121 1593 bet.
162 1534 302 1602 Quoniam
320 1537 456 1609 quiequid
471 1536 595 1595 doctrina
608 1555 659 1610 per
672 1538 785 1612 longum
798 1548 870 1596 tem-

62 1629 118 1684 pna
129 1609 365 1682 acquirentem,
379 1612 410 1667 id
419 1621 516 1668 natura
526 1621 665 1685 tamquam
676 1614 779 1670 donum
788 1633 870 1687 pree·

63 1695 196 1759 paratum
206 1686 342 1742 eoncedit.
374 1688 445 1742 lluic
455 1688 584 1745 similiter
592 1706 676 1760 anper
686 1690 810 1746 tribuum
819 1709 870 1763 pa-

64 1761 203 1816 triarchas
213 1757 280 1814 lecit
287 1761 434 1833 propheta:
465 1779 619 1820 nemereus
628 1766 777 1836 proprimo
788 1774 869 1838 atque

64 1835 180 1891 dicens:
205 1836 276 1889 Vivet
285 1838 610 1900 annumeratur,
629 1843 724 1908 fiatque
733 1843 870 1910 multiplea

64 1927 177 1966 numero
189 1915 276 1978 (Dent.
291 1915 331 1977 33,
345 1916 385 1976 a),
409 1921 538 1984 quartum
557 1921 619 1985 post
638 1913 732 1984 ipsum
751 1914 867 1980 inducit,

65 1982 315 2040 emieaiaseonndo
325 1986 456 2053 attentio,
474 1986 570 2043 dicens
581 1985 649 2042 haec
661 1986 679 2060 (.
696 2029 700 2040 .
716 1985 871 2046 .subintel-

65 2060 124 2135 lige
134 2057 222 2116 verba
235 2057 457 2135 benedictionis).
486 2061 513 2117 ls
529 2071 620 2118 autem
634 2061 701 2116 luda
718 2071 768 2118 est.
798 2064 870 2121 Haec

66 2144 163 2193 autem
172 2131 278 2208 prolata
289 2135 397 2192 Rubeni
408 2135 565 2193 benedictio
580 2137 718 2210 imprimis
733 2146 775 2193 est
789 2148 815 2194 et
824 2139 871 2194 lu-

66 2210 134 2274 dae,
157 2225 257 2266 verum
270 2211 315 2266 illi
328 2219 360 2267 ut
373 2211 441 2276 soli,
459 2213 529 2267 huie
542 2221 632 2268 autem
643 2220 673 2267 ut
683 2230 760 2285 pars3
788 2231 871 2286 super

66 2285 145 2340 enim
159 2285 273 2357 ponitur
286 2303 350 2341 cum
369 2285 453 2343 altera
471 2289 585 2342 maiore.
623 2287 699 2355 Quae
717 2304 782 2342 vero
802 2290 871 2343 ratio

67 2360 105 2414 ait
118 2360 252 2506 legum,
272 2361 393 2428 dicetur,
414 2378 501 2436 quum
511 2362 718 2419 henedictiones
729 2364 871 2417 examine—

66 2451 131 2489 mus
188 2475 194 2487 .

120 2608 144 2655 ¹)
158 2607 239 2648 senaim
252 2612 295 2648 aot:
317 2608 425 2650 Abrabam
464 2610 610 2651 trltnallatere
624 2612 688 2650 homo
702 2607 815 2648 seminavit
828 2607 871 2648 lee-

68 2660 329 2708 ianm.anaxpueem
342 2662 423 2702 locutio
469 2663 558 2700 evitat.
584 2662 666 2700 Anah.

123 2743 159 2790 ¹⁸)
174 2741 216 2782 Sed
229 2743 360 2786 deelderatnr
371 2745 433 2784 loona
445 2748 571 2793 promimus.
598 2743 677 2782 Auen.
