2050 3100
42 180 161 255 [rann]
239 193 279 239 nu
299 158 476 242 canneru.
497 194 626 241 annuo
644 196 687 243 ιν.
805 193 852 244 ⁴09

45 322 127 380 Qatnu-e
149 325 226 387 „Lot
248 326 330 375 fimena
347 302 456 377 babitare
477 330 502 377 t'n
521 327 601 393 Sapor
619 330 726 379 accendit
742 332 767 379 ἐκ
787 348 852 381 mon-

110 402 158 441 tem
181 403 204 442 et
227 392 320 443 habitat
341 396 365 443 ia
385 395 502 461 epelunco
524 413 574 445 aaa
595 414 646 446 cum
670 397 763 447 duobus
782 399 852 460 filia·

111 462 194 509 Μ
212 462 266 522 (re,
282 464 336 521 ae.)

57 554 61 559 '
97 558 141 610 55.
174 554 220 610 Ad
235 556 360 610 ·litteram
375 556 447 612 illud
462 560 592 613 convenit
606 557 713 621 dicere,
734 560 800 629 qnia
817 559 852 613 ad

9 630 10 691 j
45 630 173 685 ciuitates
194 630 261 703 igne
281 639 457 703 consumptas
476 633 592 704 propius
611 632 711 705 degere
731 634 781 688 vix
795 642 852 688 sta-

46 704 101 758 bile
112 722 144 760 ac
154 713 270 760 cautum
282 705 438 771 arbitratur.
479 707 523 771 Asa
536 715 655 770 mentem
669 724 748 772 vere,
763 724 851 779 quum

47 781 154 835 animus
170 778 320 852 proficiens
335 782 424 854 magis
440 790 623 855 expurgetur,
648 783 759 856 longius
774 800 852 838 sece-

47 854 113 909 dens
124 854 199 927 fugit
210 872 286 909 ream
297 863 323 909 et
333 856 467 912 incultam
478 858 728 922 conversationem,
750 859 811 912 sive
822 868 852 912 ut

48 947 109 983 vere
120 948 152 984 ac
164 932 278 1001 proprie
289 930 393 995 dicam,
411 932 632 987 subversionem.
662 932 748 990 Filias
759 943 851 989 antem

47 1004 121 1091 duas·
134 1004 220 1059 habet
236 1005 344 1059 innatas
359 1006 532 1068 intellectus,
553 1008 745 1080 cogitationem
760 1015 787 1064 et
802 1008 851 1063 a'rl-

47 1097 218 1135 missionem.

48 1220 83 1285 [¹]
99 1220 148 1272 Cur
161 1221 222 1272 dicit
235 1222 314 1271 sanior
327 1222 362 1271 cd
373 1222 500 1274 iuniorem.-
519 1222 621 1286 „Peter
632 1232 712 1280 aanor
723 1238 795 1300 aeger
807 1233 849 1284 aar,

111 1300 135 1339 et
152 1306 221 1338 neme
240 1298 286 1353 eet,
312 1290 353 1353 qui
368 1291 439 1343 intret
456 1290 492 1341 ad
506 1308 561 1353 nee,
588 1292 650 1340 deut
666 1299 773 1346 convene
790 1292 853 1339 omni

112 1367 199 1406 terrae.
237 1354 299 1407 Veni
315 1356 359 1406 buc
377 1368 399 1407 et
415 1358 554 1409 inebriemus
563 1368 659 1422 patrem
671 1366 775 1406 nostum
787 1357 848 1423 vino,

113 1434 135 1475 et
157 1422 303 1473 dormiemus
324 1441 374 1474 cum
396 1441 423 1475 eo
446 1436 469 1477 et
485 1427 621 1476 mntem
637 1425 667 1474 de
680 1434 754 1490 patre
770 1434 850 1474 noane

112 1494 232 1541 aarum?
249 1493 303 1558 (19,
323 1498 353 1541 el
366 1494 399 1554 s.)
499 1506 503 1515 ·

101 1599 145 1651 56.
186 1595 344 1668 Aggressus
368 1596 481 1651 iuterim
505 1598 662 1668 prepositus
687 1594 722 1651 ad
746 1611 850 1650 morem

48 1679 174 1743 spectans
193 1670 362 1725 matrimonii
377 1671 492 1742 iniquus
508 1680 550 1726 est
565 1679 591 1726 et
605 1687 740 1726 novarum
758 1689 850 1726 rerum

48 1746 153 1801 molitio
172 1746 304 1801 enormis.
344 1745 458 1800 Veniam
483 1755 575 1800 tamen
599 1746 701 1802 habere
723 1745 847 1812 videtur3

49 1822 180 1892 qnoniam
199 1828 298 1892 putant
317 1820 440 1893 virgines
460 1821 530 1876 istae
549 1813 585 1875 eb
604 1821 788 1895 ignorantiam
807 1837 851 1879 re-

50 1914 109 1952 rum
124 1905 315 1960 externarum,
334 1896 491 1952 combustas
506 1913 595 1968 quum
604 1897 742 1954 vidissent
752 1897 851 1951 civita·
895 1941 898 1945 .

50 1981 87 2028 tes
105 1972 170 2027 ilias
185 1988 241 2026 una
257 1986 320 2024 oum
334 1970 541 2036 habitantibus,
562 1973 642 2042 quasi
657 1987 723 2027 vero
737 1971 851 2024 univer-

51 2065 109 2102 sum
127 2063 219 2120 genus
240 2045 396 2102 humanum
420 2054 615 2117 consumptum
639 2045 738 2104 fuisset
761 2054 850 2115 neque

50 2124 136 2177 ulium
146 2137 267 2193 nsquam
278 2121 426 2176 mansisset
438 2130 546 2193 praeter
559 2139 591 2176 se
604 2130 669 2176 tres.
708 2119 773 2175 ideo
787 2137 851 2192 pro-

51 2198 141 2252 vidam
161 2197 340 2269 prudentiam
355 2204 527 2268 reputantes¹
552 2214 587 2250 ne
602 2212 715 2268 prorsus
724 2194 851 2249 desoiata

51 2274 201 2344 reperiatur
213 2279 285 2327 terra
296 2280 323 2326 et
331 2270 498 2343 deperdatur
511 2287 600 2344 genus
614 2270 780 2333 humanum,
803 2286 852 2342 ag-

53 2364 156 2419 gressae
176 2355 242 2402 sunt
260 2347 512 2418 praesumptionem
527 2346 741 2402 audacissimam
755 2343 790 2398 ad
803 2361 852 2398 sn-

55 2422 198 2492 perandam
215 2439 272 2476 rem
287 2421 321 2494 (s.
333 2438 383 2493 per
397 2420 465 2494 rem)
480 2421 682 2477 intolerabilem
693 2428 776 2489 atque
785 2418 853 2472 hae-

56 2499 215 2553 sitationem.
256 2497 358 2551 Littera
377 2496 446 2552 haec
459 2495 553 2551 habet.
587 2495 634 2568 ,Aa
652 2503 772 2549 mentem
786 2508 853 2546 vere

57 2571 200 2627 dicendum
215 2571 246 2626 id
260 2588 330 2642 opus
346 2588 407 2626 esse
427 2571 601 2643 cogitationis
616 2579 643 2625 et
655 2566 850 2649 admissionis3

51 2647 116 2702 ntae
136 2648 212 2702 enim
233 2655 299 2700 sunt
318 2645 392 2701 tiliae
411 2646 583 2709 intellectus,
606 2644 692 2698 maier
711 2640 851 2710 cegitatro,

58 2723 137 2778 minor
147 2721 297 2776 admissio:
327 2721 460 2792 quoniam
474 2719 535 2776 fieri
550 2736 604 2774 non
619 2722 722 2787 potest.
743 2719 775 2764 ui
788 2712 853 2780 ¹³11ss
