2050 3100
157 166 206 219 dll
272 165 814 226 P111L.1UD.QUA138T.ET80L.
848 163 958 230 [mlii]

155 272 208 325 bus
228 271 257 323 iu
276 268 420 339 utramque
439 276 546 339 partem
562 267 734 322 nutantibus.
777 266 957 322 Ooleeomeatu

155 360 220 399 vero
231 341 408 397 subindicant
421 350 611 415 tegumentum
621 350 648 397 et
657 341 811 397 custodiam
821 342 957 414 pergendi

155 434 209 473 non
220 434 269 488 per
279 417 369 480 invia,
392 416 441 471 sed
451 418 600 487 pertritum
609 418 685 471 viam
694 415 843 471 ducentem
853 416 890 471 ad
900 419 957 471 vir-

155 501 251 547 tutem.
290 489 379 555 Quare
395 498 421 545 et
436 489 506 545 iacto
521 490 627 545 dictum
641 492 802 562 opponitur:
824 493 957 561 quoniam

156 566 353 628 calceamenta,
380 566 430 627 ait,
457 564 584 633 habenda
599 568 706 619 suntin
720 564 855 635 pedibus,
882 566 954 637 qnod

156 641 215 695 lieri
229 640 326 709 nequit
338 668 376 679 -
388 638 520 710 differunt
533 641 608 693 enim
626 656 641 693 a
659 640 853 694 calceamentis
871 640 955 711 pedes

155 710 331 769 induentium
346 742 396 777 -,
423 712 472 767 sed
487 722 655 784 utputatur,
679 714 761 768 etiam
777 713 821 767 his
837 714 954 787 aliisque

155 788 284 861 plurimis
294 796 412 842 mentem
423 796 533 842 revocat
543 788 578 841 ad
587 787 955 859 contemplandasnuiurales

154 863 242 917 ideas.
285 861 355 927 Quia
375 862 524 916 inanimata
542 871 612 916 sunt·
621 862 817 926 calceamenta,
841 863 954 917 animati

154 946 246 993 autem
270 936 369 1007 pedes,
398 938 476 990 ¹sicut
500 944 528 990 et
549 937 794 1008 singulaepartes
819 938 953 1009 corporis.
999 991 1000 996 χ

154 1012 197 1066 Sit
209 1013 316 1083 itaque,
338 1012 389 1074 uit,
415 1028 469 1065 uon
484 1011 665 1065 inanimatum
680 1018 790 1083 tegmen
804 1013 881 1075 eius,
906 1012 954 1081 qui

154 1087 245 1141 anima
255 1083 397 1156 praeditus
408 1093 462 1148 est,
478 1083 528 1138 sed
538 1102 574 1142 ex
584 1084 713 1149 adverso,
732 1085 886 1139 inanimato
896 1086 955 1140 ani-

153 1169 257 1224 matus,
279 1176 314 1213 ne
328 1158 426 1213 melior
441 1176 456 1213 a
470 1160 577 1229 peiore,
599 1159 647 1212 aed
662 1160 741 1230 peior
755 1176 770 1213 a
784 1158 901 1213 meliore
917 1155 952 1232 [*]
999 1165 1000 1168 ’

154 1236 288 1306 capiatur.
323 1230 469 1304 Siquidem
480 1233 620 1288 dominam
630 1233 736 1304 corpori
748 1234 869 1287 animam
880 1250 955 1287 crea-

153 1308 283 1372 tortarii,
305 1324 405 1379 eorpus
415 1316 506 1369 autem
517 1308 625 1364 animae
635 1306 781 1363 famulum.

148 1472 150 1476 '
210 1464 269 1529 „Er
286 1465 312 1513 ire
329 1464 458 1513 omnidue“
478 1464 513 1514 ait
531 1463 603 1526 „dile
617 1463 788 1530 Aepyptt'orttm
798 1436 896 1527 saciant

293 1531 423 1582 reindutum
442 1546 486 1595 epo
504 1530 654 1582 ,deminne“.
690 1536 743 1596 (12,
758 1532 812 1592 12.)

208 1635 252 1690 20.
273 1635 311 1687 lle
325 1633 432 1687 cunctis
446 1633 667 1688 inconstantibus
675 1632 868 1704 improbisque
877 1631 954 1704 (haec
999 1644 1000 1649 ’

154 1706 337 1779 accipienda-l:
363 1706 493 1778 quoniam
509 1723 599 1778 usque
614 1707 648 1761 ad
663 1717 767 1761 certum
785 1715 954 1762 momentum

153 1782 227 1837 valet
236 1782 367 1853 superbia
377 1781 513 1836 idolorum
524 1781 588 1836 ticto
596 1781 955 1852 nominedivinitatisprae·

153 1857 287 1924 ditonum
319 1858 391 1911 sicut
405 1856 558 1911 secundum
572 1873 617 1921 ea,
639 1872 710 1927 quae
722 1861 773 1928 p'e'r
786 1855 898 1911 oracula
911 1869 966 1910 re-·

153 1947 286 2002 sponsum
301 1930 410 1986 edentia
425 1927 611 2003 asaequuntur
624 1929 746 2002 aliquam
768 1931 953 2003 cognitionem

152 2005 247 2059 verbis
258 2007 469 2077 persuasivisac
479 2005 631 2071 similibus,
641 2007 821 2077 caeterisque,
836 2021 952 2077 quorum

152 2079 213 2134 fons
225 2088 265 2134 est
275 2095 355 2135 casus
366 2080 410 2135 vel
421 2081 626 2146 convenientia,
648 2090 745 2135 cuncta
758 2097 824 2134 sane
838 2079 873 2134 ad
884 2088 952 2134 tem-

151 2170 219 2225 pus,
241 2171 312 2225 quae
326 2164 453 2213 sanctum
468 2157 561 2210 lumen
576 2155 706 2210 veritatis·
717 2168 860 2226 nunquam
872 2154 952 2209 vide·

152 2236 230 2289 runt,
252 2229 951 2300 quosoloconditoruniversorumquoqueincon-
999 2270 1000 2275 κ

152 2303 252 2357 stantia
270 2319 384 2358 servans
402 2321 446 2358 res
466 2322 481 2357 a
499 2321 530 2358 se
548 2312 667 2370 creatas,
692 2305 799 2374 quique
816 2303 894 2358 solus
912 2309 951 2357 est

153 2377 295 2441 dominus,
317 2377 513 2448 comprehendi
528 2378 607 2433 solet.
647 2378 733 2434 Cuius
742 2377 863 2449 quidem
878 2393 951 2432 oom-

151 2451 300 2521 prehensio
313 2453 405 2505 statim
420 2450 548 2505 dissolvit
566 2453 765 2507 inconstantem
782 2451 950 2524 improbam·

48 2571 50 2574 .
151 2539 206 2592 que
221 2525 378 2595 opinionem
392 2523 541 2577 humanam
557 2533 638 2596 atque
651 2527 724 2591 vim,
745 2542 800 2598 qua
810 2535 949 2599 tamquam

150 2598 281 2665 procellis
296 2598 391 2667 agitati
405 2604 483 2659 sunt,
509 2596 545 2650 ob
560 2601 748 2669 impotentiam
762 2602 803 2654 eis
816 2602 947 2656 innatam.

152 2667 230 2723 Sicut
244 2671 336 2739 itaque
352 2669 435 2724 verba
446 2677 510 2723 sunt
520 2671 744 2739 simulacrorum,
766 2676 803 2728 ita
813 2682 841 2729 et
850 2691 948 2730 secuu-
