2050 3100
45 235 79 300 [1,
90 230 147 306 tat
177 235 226 281 cn
246 200 521 282 Pnovtonnrrs
538 234 665 281 saeuo
685 235 716 279 11.
753 240 756 245 ·
809 230 842 282 55

45 349 109 394 tens
119 335 293 406 exoperibus
305 334 493 405 insipientiae,
515 350 569 388 non
584 335 673 389 solum
685 338 845 390 exnumero

47 419 156 474 eorum,
172 410 222 483 qui
234 404 362 462 dicebant
373 408 438 464 deos
446 409 593 481 providere
607 409 780 474 huminibus,
796 428 846 466 ve-

47 503 110 540 rum
121 486 202 539 etiam
211 496 247 538 ex
256 484 378 554 ipsorum
389 483 501 542 deorum
515 484 649 538 ministris
665 501 719 556 npn
734 487 844 556 parvos,
900 483 901 486 ’

45 563 105 615 imo
114 559 207 631 plures
218 559 361 613 mactavit:
380 551 464 629 atque
471 559 515 613 vel
527 561 602 630 ipsos
612 575 712 630 pueros
723 558 758 613 ab
768 565 845 613 utero
889 566 895 577 ‘

47 634 129 706 modo
143 627 313 711 egressos*),
334 633 415 692 velut
425 633 527 688 bestias
541 636 590 705 pro
601 632 722 688 ludibrio
732 633 843 688 habuit:

48 719 77 764 et
87 708 331 764 nihilominusnort
345 716 450 762 tantum
465 725 480 762 a
496 708 654 763 dicentibus
670 708 736 763 deos
751 725 845 763 curam

46 800 143 857 gerere
158 783 314 845 hominum,
336 782 385 837 sed
400 783 483 837 etiam
498 783 583 837 adii-s
597 785 666 854 ipsis
677 783 794 838 donatus
804 790 846 837 est

45 857 162 930 opibus,
183 857 284 929 gloria,
306 856 420 921 honore,
436 859 558 929 corporis
569 857 845 913 valetudineetinte-

45 934 146 1006 gnitate
157 932 295 1003 appetitus
305 931 444 996 ciborum,
456 929 499 1007 ·[*]
516 932 645 1003 idemque
655 932 844 1004 uoluptatibus

46 1007 176 1078 plurimis
187 1018 254 1060 usus
265 1004 348 1060 est‘l‘
438 1027 441 1032 ·
804 1019 811 1033 “

105 1141 138 1192 6.-
155 1139 302 1210 Dionysius
316 1146 407 1194 autern
420 1139 512 1193 senior
531 1146 675 1208 postquem
695 1139 844 1193 amicorum

46 1215 321 1287 propinquorumque
334 1213 427 1284 plnres
441 1212 578 1268 occiderat
591 1213 747 1283 multosque
762 1214 790 1266 in
805 1212 846 1266 la-

46 1287 180 1361 picidinis
190 1289 289 1347 misera
299 1287 488 1359 deperditione
499 1294 669 1359 corruperat,
686 1287 760 1341 unde
770 1295 796 1342 et
806 1288 846 1340 ei-

47 1374 92 1418 tus
108 1363 217 1419 latomia
232 1363 336 1426 dicus.
357 1363 461 1424 adhaec
475 1361 593 1419 ducenta
611 1379 695 1432 super
713 1361 790 1416 mille
810 1379 846 1416 ex

47 1437 172 1493 delubris
187 1438 289 1504 talenta
303 1438 437 1510 sacrilege
450 1438 587 1508 eripuerat
604 1436 785 1508 atquemulta
796 1434 847 1492 de·

47 1512 160 1569 risionis
169 1512 254 1570 verba
265 1511 399 1568 adversus
408 1514 510 1585 templa
522 1512 642 1577 dixerat,
660 1511 846 1589 compedivi-

46 1590 161 1643 nitatem
178 1588 381 1664 praevalentem
399 1597 594 1660 potentemque
612 1588 701 1650 nihilo
720 1587 845 1661 indigere

46 1672 73 1718 et
89 1663 179 1717 aureis
195 1662 319 1717 vestibus
334 1663 462 1727 meliores
477 1661 512 1718 ad
527 1662 719 1718 indumentum
739 1680 846 1735 purpu-

46 1754 108 1797 reas
123 1754 197 1802 esse,
217 1739 290 1792 sicut
302 1738 373 1800 inter
382 1735 551 1811 multiplices
563 1754 675 1793 coronas
684 1739 773 1811 magis
782 1754 846 1810 gra·
906 1781 912 1785 .
1010 1732 1012 1808 j

46 1822 90 1867 tae
102 1810 249 1885 (frondete)
260 1818 290 1866 ut
300 1812 411 1886 divinae
422 1813 571 1878 habentur,
593 1813 711 1883 ideoque
725 1813 759 1869 ab
774 1809 845 1866 ima:

45 1886 161 1960 ginibus
181 1887 400 1959 simulacrisque
412 1890 490 1961 pium
509 1896 578 1960 opus
597 1905 657 1943 esse
671 1885 780 1944 demere
796 1905 846 1941 au-

46 1978 123 2025 rum,
139 1961 216 2016 velut
225 1963 381 2035 aggravatis
390 1961 525 2035 pondere:¹
556 1965 581 2017 is
591 1973 681 2018 tamen
692 1963 793 2018 athleta
804 1962 846 2017 fu·

46 2038 173 2091 cinorum
193 2047 335 2092 assecutus
349 2035 408 2108 est,
430 2045 500 2110 quae
520 2040 641 2093 maxima
660 2038 795 2092 habentur
811 2049 844 2091 ex

46 2112 128 2166 honis
138 2111 280 2176 humanis,
296 2121 326 2167 ut
336 2113 534 2185 principatum,
547 2113 651 2185 amplas
662 2114 789 2177 divitias,
801 2112 846 2166 vi-

44 2203 141 2259 gorem
156 2187 242 2240 animi
255 2189 444 2259 corporisque,
465 2189 616 2243 liberorum
627 2186 843 2258 multitudinem,

46 2257 260 2316 adolescentiam
275 2260 476 2327 florescentem,
498 2269 667 2321 senectutem
682 2260 845 2316 fortunatam

46 2346 130 2407 atque
149 2335 288 2407 placidam
312 2337 517 2408 optabilemque
541 2338 615 2391 vitae
638 2336 732 2390 linem.
775 2331 846 2389 Duas

45 2412 122 2483 enim
132 2409 251 2465 ditiones
262 2411 342 2466 valde
352 2418 489 2485 porrectas
502 2409 689 2483 optimisque,
710 2426 745 2465 ex
759 2409 847 2463 conti·

44 2493 129 2540 nente
147 2485 268 2548 ltaliam,
291 2503 326 2540 ex
345 2488 445 2541 insulis
465 2486 589 2542 Siciliam
607 2484 739 2546 o'btinuit,
765 2491 845 2553 atque¹

44 2560 168 2615 maxime
179 2560 268 2615 clarus
280 2569 361 2633 atque
371 2562 490 2635 insignis
503 2562 575 2614 inter
589 2575 648 2622 eos,
670 2558 719 2628 qui
734 2560 784 2611 sua
802 2574 847 2611 ac-

45 2644 101 2689 tate
110 2635 252 2707 plincipes
263 2644 348 2700 erant,
361 2636 457 2700 lactus,
470 2652 520 2690 uec
530 2631 689 2702 uonjomnes
700 2632 728 2685 in
739 2630 848 2686 fortitu*

96 2775 118 2823 ⁸)
132 2786 151 2816 ι.
163 2775 186 2816 la
199 2779 257 2815 utero
270 2777 336 2818 adhuc
349 2772 450 2826 &denua
476 2773 556 2815 Auen.
