2050 3100
153 139 200 191 436
266 143 364 187 PHIL.
384 142 458 187 IUD.
479 141 641 197 QUAEST.
661 140 711 185 ET
732 140 809 185 SOL.
831 134 875 199 [11,
894 138 959 203 tat]

152 243 386 305 commemoratio,
416 248 560 313 permanet
579 242 658 295 iuxta
677 240 793 305 fontem,
819 241 848 294 in
868 258 960 313 quem

152 334 278 405 egressae
287 324 352 371 sunt
362 317 520 373 haurientes
531 333 631 386 aquam
640 332 766 388 vespere.
800 314 878 381 Quae
888 335 959 373 vero

151 401 207 448 srnt
216 394 300 455 istae,
315 391 390 446 haud
401 392 519 446 notavit:
542 408 596 446 uon
607 391 681 444 enim
692 400 734 444 est
743 392 769 444 ei
779 393 959 462 propositum

151 468 186 522 de
206 466 371 521 mulieribus
390 467 435 521 vel
456 466 491 520 de
510 482 581 537 aqua
602 483 695 537 agere,
727 465 777 519 sed
794 465 829 519 de
850 468 959 522 animis

151 543 235 597 deum
245 541 442 614 diligentibus,
459 542 508 613 qui
518 541 676 595 desiderant
689 541 791 594 rivum.
830 542 959 613 Tempus

151 625 243 671 autem
253 616 368 685 sedendi
379 625 421 671 est
431 618 472 671 eis
482 618 554 670 circa
570 616 637 670 solis
651 632 792 679 occasum,
814 614 959 689 defatiga-

150 693 187 746 tis
197 693 253 746 iam
263 692 392 746 sensibus
398 691 438 763 *),
450 708 538 763 quum
549 708 639 762 neque
649 690 788 745 radiorum
798 690 899 745 umbra
910 710 958 747 re-

151 776 214 821 stat.
255 768 331 821 Tunc
350 768 424 821 enim
444 766 588 820 lucidioris
604 768 667 820 visu
682 766 796 820 rationis
809 766 958 836 accipiunt

151 850 291 913 aspectus,
314 851 340 896 et
354 842 455 896 deinde
471 843 500 895 in
516 841 643 895 divinum
657 840 824 912 perveniunt
837 839 955 906 fontem,

151 917 315 988 sapientiam
331 918 458 988 inquam,
480 933 551 988 quae
561 915 715 970 secundum
725 915 855 970 virtutem
866 918 958 972 sumit

130 1039 133 1045 .
151 1009 238 1063 aquae
253 992 476 1046 similitudinem.
517 993 554 1045 De
570 992 621 1044 hac
635 1008 699 1063 ergo
713 990 839 1044 nonnulli
860 999 957 1046 extre-

150 1067 205 1121 mis
216 1067 298 1122 labiis
308 1068 438 1132 hausere,
457 1067 505 1120 alii
517 1084 581 1121 vero
591 1074 697 1120 tantum
710 1064 806 1119 bibere
820 1083 958 1136 perseve-

150 1151 259 1208 rarunt,
280 1152 414 1215 qnantum
429 1140 571 1197 sufficiens
585 1148 642 1196 erat
655 1140 690 1195 ad
699 1140 850 1198 sedandam
858 1142 953 1209 sitim;

151 1219 240 1290 aliqui
250 1218 361 1273 demunt
372 1219 459 1290 magis
471 1216 636 1271 studuerunt
647 1215 802 1279 laetificari,
817 1216 900 1270 avide
911 1226 956 1271 at—

150 1311 205 1364 que
216 1294 297 1349 modo
308 1293 460 1349 insatiabili
474 1292 508 1347 ad
524 1310 568 1356 ea,
589 1308 661 1363 quae
674 1299 798 1363 spectant
811 1290 846 1345 ad
861 1293 956 1347 virtu-

151 1377 206 1433 tes,
223 1372 358 1440 impetum
368 1376 542 1439 usurpantes.

196 1543 232 1608 [²²]
255 1541 335 1600 Quare
352 1561 432 1593 secus
448 1543 563 1608 incipieus
579 1561 596 1594 a
609 1543 771 1608 prosperitate
786 1543 840 1593 uiae
854 1561 913 1608 pro-

348 1611 456 1675 phetizat
466 1613 574 1676 futura?
596 1619 650 1676 (24,
674 1615 748 1673 lsss.)

207 1733 250 1785 95.
280 1729 375 1796 Quoad
391 1731 524 1796 litteram,
549 1731 615 1802 quia
629 1748 721 1787 comes
732 1731 825 1786 aderat
835 1731 957 1803 angelus

151 1805 206 1869 dei,
222 1804 347 1859 eiusdem
358 1806 463 1861 auxilio
474 1805 598 1861 fortassis
609 1807 705 1861 altiora
716 1806 957 1878 comprehendens

151 1880 241 1951 coepit
251 1878 388 1934 divinare.
428 1881 470 1935 Ad
486 1892 606 1936 mentem
620 1899 686 1936 vero
701 1881 802 1937 formae
818 1889 883 1936 sunt
893 1899 956 1936 mo-

150 1971 212 2008 rum
226 1953 271 2007 dei
288 1955 452 2020 amantium,
474 1957 509 2012 ad
524 1957 671 2012 scrutanda
681 1957 855 2030 singulorum
867 1956 957 2011 verba

150 2038 177 2082 et
190 2029 324 2082 veraciter
339 2029 530 2103 adimplenda3
562 2049 633 2103 quae
650 2049 738 2103 quum
758 2030 956 2086 concordantia

150 2104 313 2175 comperiat,
331 2106 450 2162 exsultat
460 2106 627 2178 perficienda
638 2106 671 2178 (s.
683 2106 813 2179 perlecta)
823 2105 881 2160 lore
892 2107 956 2161 vel-

150 2187 181 2233 ut
199 2195 323 2250 sperans.
364 2182 429 2236 Tres
448 2183 542 2253 itaque
556 2190 621 2236 sunt
636 2181 751 2237 formae:
786 2198 854 2245 una,
876 2182 956 2252 quod

152 2254 229 2325 virgo
243 2255 293 2321 sit;
325 2257 460 2320 secunda,
483 2257 557 2328 quod
572 2256 687 2311 inclinet
700 2256 841 2328 hydriam3
871 2258 955 2310 tertia

150 2346 228 2392 ver0,
259 2329 333 2400 quod
353 2338 449 2401 potum
470 2331 526 2386 det.
585 2333 654 2385 Nam
676 2331 812 2386 indicium
831 2331 955 2403 virginis

150 2413 191 2458 est
204 2422 274 2475 pura
284 2422 414 2475 memque
426 2405 538 2460 affectus
548 2405 689 2471 voluntas,
709 2407 846 2460 sinceram
857 2415 884 2460 et
895 2407 956 2470 illi-

150 2480 241 2534 batam
264 2486 389 2533 naturam
413 2481 549 2535 honorans
574 2481 770 2553 incorruptam.
819 2481 956 2552 Hydriam

149 2571 214 2607 vero
234 2555 368 2607 inclinare
387 2555 492 2608 indicat
510 2555 617 2624 copiam
637 2555 777 2610 doctrinae
797 2557 957 2610 communi-

201 2691 222 2737 1“>
239 2702 257 2730 s.
272 2692 384 2738 sanqualis
399 2693 442 2732 tom
454 2693 593 2733 sensibilibus.
619 2694 700 2734 Auch.
