2050 3100
168 173 201 225 et
273 168 462 223 uuinton.
483 172 811 232 Quansrwnnsoa
852 164 969 245 [ΠΜ]

167 288 199 333 nt
208 294 405 351 cognoscamus
416 293 477 343 eos;
503 274 721 348 persuadeantur
729 292 849 347 namque
860 285 972 333 mutare

167 353 316 407 eonsilium
324 352 505 423 propriumet
515 351 587 405 ultro
597 359 876 423 aeeeptarenostrum‚
881 368 970 423 opere

168 429 320 490 dissentes,
334 426 409 497 quod
419 442 473 481 non
482 426 574 481 nudae
585 428 692 481 animae
702 426 879 497 ineorpsreae
890 436 967 491 sunt,

167 513 198 557 ut
208 504 345 558 immunes
355 502 478 555 atimore
488 502 557 562 sint,
579 501 721 555 sedetiam
732 502 853 572 eorporis
863 502 970 557 habent

167 578 419 649 participationem,
447 576 522 647 quod
541 578 637 631 multis
655 584 718 649 eget
736 577 952 632 necessitatibus
958 597 965 643 5

168 652 272 725 (quare)
283 668 338 706 nen
347 651 449 709 debent
459 650 582 723 affligere
597 652 669 705 illud
684 660 710 705 et
724 652 895 717 abalienare,
916 652 968 707 sed

166 726 385 791 mannaefaeere,
402 726 577 781 eonoedondo
588 728 860 798 materiaeproprias.
916 739 921 745 ·
1019 800 1020 807 ἵ

181 871 194 895 ᾖ
220 864 223 871 “
346 870 352 879 ο
368 869 374 880 ο
418 870 423 879 ι
507 887 514 899 0
644 869 650 879 o
858 870 863 879 ι

168 872 205 935 r]
224 866 968 1003 ttelattttmtatttttatefftl

232 1014 314 1053 aarum
331 1004 420 1053 virum.-
448 1003 546 1053 educam
567 1020 608 1053 eas
626 1003 661 1053 ad
681 1022 733 1067 vos,
760 1013 783 1053 et
800 1004 892 1053 utimini
908 1004 963 1065 illis,

233 1071 349 1137 quomado
363 1071 483 1150 plpouett't
500 1072 579 1133 vobim
608 1070 807 1125 tantummodum
825 1072 889 1119 viros
907 1072 966 1121 istos

233 1157 263 1189 oe
269 1140 397 1204 faciatis
387 1140 505 1202 minatum,
523 1156 550 1187 eo
567 1138 652 1203 quod'
642 1139 742 1205 toyreast'
752 1148 805 1187 suot
818 1140 860 1199 sub
874 1146 966 1203 teqmeo

234 1208 336 1257 trabium
353 1224 456 1256 mearum
464 1210 497 1255 “t
521 1208 573 1271 (19,
596 1208 653 1268 le.)
701 1224 704 1233 ’

222 1297 266 1347 38.
282 1294 383 1347 Littera
395 1285 569 1346 manifestius
581 1292 693 1362 exponit
703 1290 857 1345 sodomitas
868 1290 964 1345 ardere

166 1368 326 1454 cupidine
318 1385 462 1421 iuvenum.
510 1364 553 1421 Ad
571 1374 691 1419 mentem
710 1383 775 1420 vero
794 1364 964 1437 proficientis

166 1444 274 1496 animae
285 1442 377 1495 variae
387 1449 451 1495 sunt
459 1440 624 1507 sententiae
638 1436 675 1493 ut
688 1450 782 1511 partus
792 1441 963 1495 masculinus

166 1526 193 1571 et
203 1515 363 1570 femininus
402 1514 468 1573 Vult
478 1531 555 1588 ergo
576 1516 657 1586 siqua
671 1514 791 1571 fierit
744 1532 779 1588 po
780 1524 846 1580 t,est
867 1532 964 1571 omnes

165 1591 281 1646 salvare
285 1599 390 1661 partes:
424 1590 505 1653 alias,
527 1591 607 1660 siqua
623 1592 804 1662 superabunt·
812 1591 962 1646 adversarii

165 1674 381 1738 oppugnatores,
402 1665 588 1719 masculinum
603 1681 691 1738 genus
711 1676 823 1721 conatur
842 1668 963 1722 eximere

167 1740 367 1806 adiserimiue,
382 1738 549 1795 femiuiuo'
526 1758 586 1795 eius
596 1742 685 1818 gratia
696 1742 836 1796 derelicto.
863 1743 963 1796 ·Nemo

165 1819 240 1871 enim
253 1811 449 1886 inculpatam,
470 1817 520 1887 qui
535 1833 584 1888 pro
594 1811 734 1872 salvandis
745 1813 946 1875 melioribus'
918 1835 964 1871 vr-

165 1892 234 1946 hora
244 1898 397 1962 acceptent
409 1906 510 1962 quum,
522 1900 553 1946 ut
563 1890 636 1956 dixi
653 1902 791 1964 nequeant
800 1893 906 1946 eunetis
918 1910 964 1946 sa

164 1965 301 2020 tislaoere.
350 1965 425 2031 Quae
446 1983 511 2038 ergo
532 1969 587 2021 sint
606 1969 775 2023 masculinae
792 1967 965 2023 sententiae?

164 2041 230 2095 Illae
239 2041 386 2105 nimirum,
402 2058 473 2112 quae
484 2043 656 2097 aemulantur
670 2044 833 2114 sapientiam
847 2044 963 2097 univer-

164 2126 278 2187 samque
287 2116 417 2170 virtutem
428 2126 455 2171 et
465 2116 600 2189 quiequid
611 2120 743 2173 veraciter
752 2118 855 2172 bonum
866 2126 907 2172 est
921 2128 963 2172 at-

164 2209 219 2261 que
233 2192 348 2245 unicum
362 2190 475 2245 bonum.
516 2193 692 2248 Femininum
707 2211 772 2248 vero
787 2210 875 2265 genus
885 2193 963 2247 ordi-
1019 2195 1020 2200 ’

164 2284 227 2319 nem
242 2266 362 2320 filiarum
377 2266 473 2331 hahet,
493 2267 569 2339 quod
580 2269 663 2323 etiam
673 2270 726 2323 sub
736 2269 848 2322 servitio
859 2276 901 2322 est
911 2267 963 2322 de—

164 2343 244 2395 minii
258 2342 441 2412 eorporalium
451 2345 646 2398 necessitatum
654 2352 683 2399 et
693 2342 848 2398 affectuum.

168 2473 233 2530 Quid
249 2483 283 2524 aot
302 2473 458 2538 „Dixeratota
484 2475 580 2526 Recede
597 2477 666 2526 illua!
690 2475 793 2526 Intrasti
807 2475 917 2530 babitare
936 2485 962 2523 ut

196 2543 286 2606 incola,
307 2543 421 2606 numquid
432 2544 502 2594 edom
516 2555 541 2623 ut
554 2544 663 2596 iudicine
677 2543 803 2594 iudicem
823 2545 875 2612 (19,
888 2542 925 2600 9.)

219 2631 261 2692 39·
282 2628 340 2693 llll,
356 2630 479 2700 quicum
491 2631 582 2686 anima
591 2629 727 2701 praelium
737 2635 847 2698 parant,
863 2625 962 2680 lihidi-

163 2704 207 2756 nis
222 2712 385 2774 patratores‚
407 2704 506 2762 ducem
521 2724 552 2761 ae
561 2705 723 2776 magistrum
734 2701 899 2757 contumelia
909 2718 967 2772 pe-
