2050 3100
65 238 185 305 [τμη]
258 240 300 287 rs
317 242 488 289 sxoouu.
510 242 639 289 senno
658 245 681 290 1.
822 241 869 293 ert

61 360 123 415 que
138 340 268 423 (signum)
282 350 336 409 est;
363 344 486 397 amarula
499 358 566 397 vero
580 343 696 398 acerbae
710 346 784 399 vitae
799 344 873 401 affli-

64 418 208 473 ctionibus
224 416 337 487 plenae,
364 432 448 486 quam
467 418 659 473 sustinuerunt
676 419 706 473 in
726 420 870 475 servitute.

63 493 139 547 Haec
150 492 185 547 ad
195 492 328 545 litteram:
365 489 408 544 Ad
421 492 541 545 mentem
551 508 617 547 vero
626 492 697 548 illud
708 494 869 558 notandum,

62 566 142 638 quod
153 565 347 621 fermentatum
356 564 478 635 pustulis
489 567 624 643 exsurgit,
632 567 682 621 ubi
692 567 872 624 infermenta-

63 651 126 697 tum
137 640 256 696 desidet.
295 639 417 705 Quorum
428 648 577 710 utrumque
585 642 742 713 symbolum
756 652 797 698 est
810 645 872 697 ani-

63 733 174 771 marum
190 722 291 769 status:
313 730 401 768 unum
414 713 528 785 superbi
541 715 605 769 elati
618 715 780 781 obiastum,
802 717 872 772 alte-

64 808 128 844 rum
146 788 266 843 modesti
285 795 312 841 ct
329 788 445 841 demissi
464 796 545 859 atque
562 792 759 862 praeeligentis
777 791 870 846 media

62 866 143 935 prius
154 879 240 935 quam
251 863 423 916 summitates
437 862 472 916 ad
487 862 697 919 aemulationem
710 867 868 936 aequitatis,

63 938 196 993 Amarula
212 953 278 992 vero
293 936 442 991 declaratio
452 944 496 991 est
504 938 658 1008 spiritualis
667 940 866 1012 emigrationis,

62 1030 118 1083 qna
134 1013 200 1083 quis
215 1030 230 1065 a
245 1010 447 1081 cupiditatibus
462 1012 491 1065 in
502 1012 642 1083 apathiam
652 1022 679 1067 et
688 1030 724 1067 ex
734 1014 869 1085 improbi·

61 1095 118 1142 tate
131 1088 162 1141 in
178 1088 309 1141 virtutem
323 1086 509 1157 transmigrat.
553 1086 607 1151 Qui
625 1088 700 1141 enim
718 1104 755 1141 ex
771 1097 869 1142 natrrra

45 1163 244 1235 'genuinoque
254 1158 389 1214 fidelitate
399 1162 597 1231 poenitentiam
610 1166 708 1233 agunt,
730 1160 766 1215 de
778 1162 869 1231 prinae

61 1239 137 1292 vitae
156 1234 364 1301 conversations
384 1235 584 1298 meditantur,
610 1244 638 1290 et
654 1234 869 1307 aegreferentes

62 1313 151 1367 vitam
162 1311 264 1364 misere
273 1316 437 1364 transactam
447 1307 527 1373 flent,
549 1318 663 1381 gemunt
677 1318 705 1363 et
716 1309 866 1379 suspirant,

63 1404 95 1441 eo
109 1384 186 1457 quod
196 1383 285 1456 magis
296 1386 479 1447 necessariam
489 1385 621 1455 temporis
630 1392 736 1455 partem
745 1382 870 1438 tradide-

63 1462 120 1515 rint
131 1458 224 1515 lallaei
235 1458 362 1513 dominae
373 1459 533 1529 cupiditati:
545 1475 600 1529 qua
610 1458 718 1513 seducti
728 1457 868 1531 vigentem

64 1534 220 1591 iuventutis
231 1541 346 1588 aetatem
357 1534 429 1589 male
439 1532 632 1599 traduxerunt,
654 1535 684 1588 in
695 1550 750 1606 qua
759 1542 868 1606 oporte-

62 1619 105 1666 ret
120 1608 244 1664 iucunde
258 1607 391 1680 proficere
410 1610 439 1663 in
453 1609 611 1680 sapientiae
629 1609 867 1681 speculationibus

62 1685 99 1745 ad
114 1684 226 1740 felicem
241 1683 405 1738 immortalis
419 1683 494 1738 vitae
505 1692 617 1738 statum.
656 1683 726 1744 Cum
736 1684 868 1741 amarnlis

64 1776 132 1832 ergo
142 1757 319 1814 comedamus
329 1775 472 1830 azymum,
490 1759 539 1828 qui
549 1759 747 1828 poenitentiam
756 1759 869 1814 deside·

63 1851 173 1897 ramus,
199 1832 251 1887 hoc
266 1840 321 1888 cst:
346 1834 424 1904 prius
443 1832 641 1888 manducemus
655 1834 868 1889 amaritudinem

62 1909 101 1964 ob
114 1916 283 1963 transactum
297 1914 407 1979 tempus
426 1923 563 1980 aegreque
580 1909 749 1964 tolerandam
764 1909 865 1975 vitam3

65 1992 93 2038 et
106 1991 201 2054 postea
218 1983 352 2036 contraria
372 1981 639 2052 superiactabundae
656 1983 804 2054 superbiae
818 2000 867 2054 per

64 2057 273 2113 meditationem
288 2056 469 2121 humilitatis,
490 2057 572 2112 cuius
584 2056 699 2129 quidem
713 2074 813 2113 nomen
826 2066 868 2112 est

64 2133 164 2205 pudor.
213 2131 347 2198 Quoniam
371 2133 502 2188 memoria
522 2132 675 2201 priscorum
693 2140 868 2202 peccatorum

64 2207 131 2263 iacit
142 2204 178 2280 [Ἴ
192 2208 289 2261 timere
303 2213 331 2260 et
344 2207 373 2262 in
389 2223 418 2262 se
429 2206 594 2277 recolligens
603 2213 724 2260 mentem
733 2223 787 2262 non
796 2223 867 2278 pau-

64 2299 125 2336 cam
135 2281 282 2336 utilitatem
296 2280 357 2337 iert.

145 2425 212 2482 Quid
227 2436 262 2475 est
279 2425 359 2489 „Nea
376 2427 505 2478 comedatis
522 2426 660 2476 casdam‘W
687 2430 741 2489 (12,
751 2427 790 2490 9.)

124 2528 165 2581 lli.
186 2523 254 2591 Quis
269 2535 359 2582 autem
376 2528 519 2584 hominum
536 2527 755 2610 mdgveseitur
769 2526 868 2580 carnei

67 2600 177 2655 belluae
188 2608 266 2663 sunt,
278 2617 350 2672 quae
359 2611 390 2657 ut
399 2603 611 2658 cadaverivorae
621 2601 754 2672 sunu-sic
766 2608 793 2656 et
803 2617 868 2655 cru-

68 2673 110 2729 dis
123 2682 288 2742 vescuntur3
311 2675 392 2731 homo
406 2685 497 2732 autem
517 2675 700 2731 domesticum
715 2674 816 2729 animal
832 2692 868 2730 ex

68 2757 161 2805 natura
176 2757 233 2812 est,
254 2752 374 2806 maxime
388 2753 437 2823 qui
451 2752 559 2806 condis
572 2746 727 2804 secundom
741 2749 867 2806 divinam
