2050 3100
165 212 214 264 ⁴52
283 214 380 260 euin.
400 212 474 258 iun.
495 212 657 270 QUAEsT.
675 212 724 256 us
744 210 825 259 son.
849 201 978 283 [11‚aae.]

167 473 215 523 Gur
232 471 322 520 Labeo
342 470 414 521 dicit.-
449 469 568 533 „Porcor'
586 468 678 518 domam
697 477 720 519 et
738 469 811 519 locun
830 471 979 521 camelum

231 556 301 602 quum
320 536 431 587 Rebecca
451 537 576 587 adiecism
594 536 758 599 diversorium,
784 536 879 585 dicens.-
911 570 930 602 ‚,
939 540 977 589 Et

227 604 343 669 pabulum
361 615 395 655 ert
413 605 481 669 apud
497 622 540 654 ace
558 604 651 653 multum
668 612 691 652 et
709 603 773 653 beru
794 603 829 652 od
850 604 976 655 diverten-

231 672 325 721 ‹um‘o
344 677 398 735 (24,
416 678 456 722 ar.
469 673 524 733 2⁵.)

223 826 279 877 lle.
309 821 494 877 Differentiam
515 820 693 876 excellentiae
714 820 797 876 refert
814 824 975 877 maximam

164 899 237 952 inter
250 906 371 951 mentem
385 897 518 969 virginis,
539 913 610 967 qnae
625 896 733 950 nullum
743 897 892 967 usurpavit
904 916 976 953 sen-

166 971 263 1036 sibile,
285 980 311 1025 et
324 973 394 1026 inter
405 972 564 1044 exemplum
575 972 650 1034 eius,
672 970 721 1041 qui
731 968 879 1026 sensibilia
890 990 974 1028 rece-

164 1048 207 1119 pit
221 1047 250 1100 in
266 1047 466 1118 cognationem.
506 1046 583 1100 Prior
592 1046 666 1099 enim
677 1062 791 1100 monens
803 1044 974 1103 dissolutio-

164 1138 228 1175 nem
245 1130 271 1175 et
285 1123 372 1175 otium
385 1121 535 1176 iacentium
549 1120 602 1175 sub
617 1120 791 1192 generatione
811 1124 974 1193 corruptio-

165 1212 270 1267 neque,
290 1195 390 1251 didicit
402 1193 438 1269 [*]
451 1196 542 1250 locum
557 1195 664 1249 animae
673 1193 896 1267 praeparandum
907 1214 973 1252 esse

165 1270 319 1325 decentem.
359 1270 504 1325 Secundus
520 1286 582 1324 vero
597 1285 651 1324 non
667 1269 701 1324 ad
715 1270 896 1335 solutionem,
919 1272 973 1326 sed

166 1345 201 1400 ad
221 1346 406 1417 receptionem
425 1344 568 1400 brutorum
587 1344 749 1399 animalium
768 1362 829 1399 sese
852 1363 972 1417 parasse

166 1419 250 1483 dicit,
271 1422 407 1490 nequiens
421 1434 535 1492 negare,
552 1419 626 1491 quod
641 1419 714 1475 inse
728 1420 850 1492 gerebat.

204 1691 285 1750 <boare
301 1692 339 1742 uir
356 1693 391 1742 od
405 1699 544 1743 senectutem
561 1707 660 1760 ocrycne
676 1695 758 1760 incepit
774 1695 808 1745 sic
822 1693 933 1760 (loqui).-

298 1759 386 1822 „Puer
401 1759 517 1810 Abrabae
534 1778 584 1811 eam
601 1766 685 1826 cpo“t
703 1765 756 1829 (24,
777 1766 831 1824 34.)

225 1915 282 1968 420.
307 1911 394 1975 lllnd,
415 1912 489 1983 quod
504 1912 539 1968 ad
552 1921 672 1969 mentem
685 1913 791 1970 dictum
804 1922 858 1978 est,
879 1915 969 1969 nimis

167 1994 209 2040 est
228 1985 309 2040 facile
328 1986 401 2041 scitu
420 1989 674 2060 contemplatuque,
709 1990 840 2060 quoniam
860 1989 969 2044 novelli

167 2062 246 2130 pueri
260 2060 295 2114 ad
309 2062 401 2115 virum
414 2062 567 2133 perlectum
582 2063 666 2119 habet
679 2063 803 2118 ordinem
824 2063 969 2118 relationis

166 2134 256 2197 istud,
277 2135 353 2205 quod
366 2137 520 2192 secundum
534 2139 784 2210 pronuntiationem
797 2147 838 2194 est
848 2137 969 2192 verbum

167 2208 201 2277 (e.
216 2209 326 2282 oratio),
348 2228 413 2284 erga
427 2211 512 2277 illud,
535 2213 609 2285 quod
623 2214 698 2268 intus
709 2215 788 2268 estin
799 2213 915 2268 consilio
926 2211 970 2284 (id

166 2291 208 2338 est
226 2285 315 2356 ratio).
355 2287 457 2342 Littera
477 2305 542 2343 vero
562 2287 672 2343 laudem
686 2289 806 2343 continet
819 2288 893 2351 eius,
916 2288 969 2358 qni

166 2359 283 2414 senilem
294 2367 411 2415 aetatem
421 2362 602 2435 transigebat:
622 2362 673 2416 uhi
684 2363 758 2417 enim
769 2363 816 2416 alii
825 2361 971 2416 declinant

167 2432 201 2487 ad
212 2433 428 2490 manifestandos
437 2453 498 2492 sese
508 2455 544 2492 cx
553 2439 728 2509 generatione
737 2437 894 2507 patriaque,
913 2437 969 2490 iste

167 2525 202 2563 ex
212 2507 324 2565 domino
334 2509 374 2582 (id
385 2510 473 2583 iacit),
494 2513 588 2581 ipsum
600 2513 761 2566 existimans
771 2519 827 2566 tam
837 2511 967 2583 petriam,

167 2599 250 2653 quam
260 2586 430 2658 progeniem.
453 2586 523 2638 Hinc
533 2588 584 2639 iter
593 2584 697 2639 iaciens
707 2584 784 2640 dedit
793 2587 877 2640 trium
887 2601 970 2639 men-

167 2673 294 2713 surarum
305 2659 376 2712 hanc
385 2659 578 2712 directionem:
605 2658 688 2722 Mihi,
704 2660 848 2729 inquiens,
867 2661 969 2714 civitas

168 2739 223 2793 est,
244 2732 384 2804 refugium
398 2740 425 2787 et
439 2731 498 2795 lex,
519 2741 574 2786 tam
590 2732 656 2787 iusti
667 2749 751 2806 quam
762 2734 859 2790 iniusti
871 2736 969 2790 cuius-
