2050 3100
67 212 150 277 pru]
210 216 253 261 ru
275 209 663 261 cansarusanuom.
807 210 842 263 ta

66 318 169 370 renuiter
189 324 302 372 secrete
315 330 365 369 sua
378 314 540 377 crediderit,
560 326 648 385 quum
661 308 747 369 semei
763 329 842 371 ecce·

63 391 112 456 perit
121 390 271 446 consilium
282 390 435 462 sapientiae
444 396 526 459 atquo
535 389 687 460 gustaverit
699 391 842 445 matrimo—

63 464 117 517 riam
126 466 195 530 cius,
208 472 371 520 constanter
380 471 522 534 permanet
531 472 562 520 ut
571 464 646 518 titus
654 478 765 519 consors
776 475 842 521 con·

63 537 106 603 iux3
132 542 182 595 etsi
204 540 353 613 encyclica
371 537 521 609 discipline
534 538 652 592 muitum
666 547 697 593 ut
710 538 842 610 pulchras

60 610 149 667 choreas
169 616 270 687 agitet.
313 612 459 684 Siquidem
477 614 656 684 geometrice,
686 614 843 668 arithmeti-

59 701 103 749 cae,
124 690 341 759 grammaticae,
362 686 513 741 rhetoricae
527 686 700 758 aliarumque
711 688 843 759 discipli-

59 775 134 815 narum
148 764 261 836 ingenii
272 762 395 819 theorias
404 776 490 833 quum
500 776 566 833 prae
574 761 704 816 manibus
715 762 843 817 habuerit

59 834 138 890 virtute
151 847 303 908 praestans
318 838 375 899 vir,
397 850 450 891 uon
465 837 558 891 miuus
568 844 660 891 trmcu
670 850 774 892 memor
783 846 844 891 stu·

59 905 88 959 dii
104 913 264 979 probitatis,
276 906 322 966 'iu
339 924 427 967 unam
447 910 533 965 iertur
550 918 581 965 ut
596 912 627 967 in
646 926 717 982 opus
736 912 844 983 praeci·

58 996 138 1049 puum,
163 988 194 1041 in
215 987 338 1042 aitermu
357 1001 424 1041 vcro
442 986 521 1040 utin
540 1001 610 1057 opus
627 985 842 1058 nccessivum*).

59 1053 181 1115 Caeterum
194 1063 317 1117 omnino
326 1074 380 1131 ptr
389 1068 432 1115 est
440 1060 665 1131 approbationem
674 1061 808 1131 consequi
817 1068 844 1114 et

61 1127 127 1196 iliud,
141 1136 218 1205 quod
228 1137 330 1191 uxoris
340 1135 450 1189 nomine
459 1134 641 1205 appellaverit
650 1134 792 1197 ancilium,
811 1149 844 1187 co

57 1205 117 1270 ΨΜ
126 1212 299 1283 complacita
313 1218 395 1281 atque
408 1209 517 1264 hortatu
530 1224 612 1261 verae
626 1207 722 1261 uxoris
736 1208 846 1278 excepit

60 1284 145 1347 urum,
173 1303 232 1341 non
253 1294 349 1340 eutem
367 1298 417 1337 sua
433 1282 546 1355 propria
564 1282 717 1348 voluntate3
747 1296 846 1351 quam-

59 1350 138 1411 obrem
151 1376 205 1415 non
218 1360 345 1432 amplius
354 1358 484 1415 mciilam
492 1373 556 1411 eam
565 1356 654 1419 dixit,
673 1363 704 1410 ut
713 1370 812 1428 nempe
821 1357 846 1409 si

59 1440 102 1481 flou
115 1435 259 1499 meritum,
281 1448 381 1492 notura
395 1434 491 1489 saitem
507 1432 583 1486 idem
595 1439 788 1501 assequeretur
797 1448 845 1486 au-

62 1498 114 1556 cilit
126 1505 185 1564 data
200 1511 231 1566 in
246 1525 374 1566 uxorem.
412 1508 607 1565 Vemmtamen
620 1504 768 1580 allegoriae
785 1515 846 1562 stu·

62 1572 142 1634 deotes
161 1583 256 1642 dicere
277 1585 372 1647 liceat,
394 1583 568 1656 quodetiam
581 1581 672 1637 media
687 1583 846 1638 exercitatio

63 1645 212 1724 discipliuae
231 1662 294 1716 vim
312 1658 396 1714 hebet
414 1657 598 1722 concubinae,
620 1656 670 1712 ssd
684 1656 800 1730 figurem
815 1671 847 1709 ac

63 1735 172 1784 ornatum
190 1735 302 1800 uxoris;
337 1751 401 1788 nam
418 1732 545 1805 singulae
558 1732 787 1804 encyciopnsdiae
804 1746 848 1784 re·

65 1792 143 1856 ierunt
150 1805 177 1860 in
187 1825 216 1863 se
227 1809 426 1879 imitanturque
437 1825 529 1862 veram
543 1808 683 1861 virtutem.

109 1970 167 2028 Quid
181 1992 215 2031 est
232 2015 250 2046 „
261 1981 337 2039 Quum
353 1981 412 2032 sidit
428 1999 453 2030 ac
470 1981 615 2045 concepisse,
639 1981 749 2045 ἀωροοτα
767 1991 800 2029 cst

231 2051 328 2100 domitta
350 2065 429 2099 caram
446 2049 541 2114 t'pw‘i
558 2052 611 2111 (16,
630 2049 668 2112 4.)

117 2149 155 2206 22-
174 2155 322 2231 Diligenter
335 2175 408 2213 nunc
423 2165 553 2213 dominam
568 2157 636 2211 dicit
651 2156 759 2219 Seram,
782 2155 849 2210 dum

72 2221 200 2284 putabatur
217 2233 382 2288 diminutam
397 2248 458 2288 esse
473 2245 503 2287 ac
519 2239 674 2304 superatam
688 2228 723 2284 ab
737 2229 847 2291 anciila,

77 2293 137 2355 imit
156 2315 286 2363 carentem
301 2326 316 2364 a
329 2308 406 2380 prole
426 2307 560 2380 praedita.
600 2306 677 2361 Certe
696 2305 749 2360 hoc
767 2312 850 2374 caput

77 2376 189 2431 sermonis
208 2382 242 2436 ad
260 2382 353 2439 omnia
370 2383 427 2438 iere
442 2383 551 2454 negotia
564 2381 637 2435 vitae
650 2381 786 2434 humanae
800 2391 850 2432 ne·

79 2449 176 2528 Quia
190 2457 357 2514 extenditur:
379 2457 518 2530 probatior
528 2456 603 2510 enim
613 2471 644 2510 oc
653 2455 751 2510 melior
759 2456 789 2507 in
801 2452 851 2505 dc·

82 2523 149 2574 futoro
158 2535 195 2582 est
206 2527 241 2604 [*]
253 2535 363 2606 sapiens
373 2534 479 2605 pauper
488 2545 572 2602 quam
582 2531 718 2600 insipiens
727 2529 817 2588 dives,
825 2532 851 2578 ct

82 2623 266 2658 κ

85 2690 141 2780 ipsos)
159 2696 222 2763 verim
241 2705 341 2745 mm
366 2709 475 2752 tamquam
501 2703 569 2752 digito
594 2699 690 2740 indicant
711 2693 791 2733 Graeca
817 2695 853 2731 ius

142 2748 161 2784 εἴ
176 2763 275 2804 naamon.
301 2757 382 2796 auch.
