2050 3100
94 481 100 510 l

145 215 178 267 el
374 215 560 263 aarnoure
578 214 717 261 aunam
819 209 852 274 [1,
867 212 956 276 sara]

52 310 56 316 ’
146 322 216 374 Nam
226 335 287 375 eam
297 335 334 373 ex
343 326 438 373 natura
448 315 572 371 fortunae
581 320 688 387 partem
700 315 773 368 nauti
784 323 856 382 sunt
871 325 900 372 et
910 335 957 388 per

147 396 312 450 exercitium
320 402 445 448 naturam
454 397 635 452 exornarunt,
649 386 819 530 [Qqupfflm
830 393 957 462 genuina
994 411 995 414 ¹

150 488 181 525 ao
192 471 302 542 propria
312 466 489 538 philosophia
499 465 594 536 opifex
604 471 654 518 est.
699 465 728 517 ui
739 480 807 519 vero
817 465 959 520 adulteri·

149 562 200 599 nae
210 542 374 614 disciplinae
382 539 501 594 studiosi
509 541 588 603 sunt,
604 536 679 594 haud
692 537 734 592 illi
750 538 882 594 medicos
894 542 956 594 imi·

148 626 253 681 tantur,
274 614 409 670 famulum
423 615 531 672 animae
546 629 645 684 eorpus
655 621 797 686 sanantes,
818 613 954 686 lieetipsi

92 753 97 764 ι
148 693 289 746 dominam
298 691 387 761 ipsam
398 705 495 743 ourara
505 705 566 750 sese
577 689 678 742 iaotare
688 686 804 742 soleant.
827 689 906 744 Nam
916 689 954 744 illi

149 765 284 839 (medici),
314 762 427 835 quando
448 764 513 835 quis
533 761 640 817 fortuna
658 762 774 824 dotatus,
786 764 953 834 aegrotabit,

148 841 257 896 etiamsi
267 855 385 910 magnus
395 839 447 893 erit
457 855 520 902 rex,
534 838 627 894 omnia
637 845 862 908 praetereuntes,
876 848 952 901 tecta,

149 915 248 979 lorum,
265 914 358 977 cellas,
370 913 502 985 picturas,
515 912 660 984 imagines,
674 918 828 982 argentum,
843 930 951 976 aurum,

149 1001 205 1047 tam
215 989 401 1063 ignobilium,
424 1003 508 1058 quam
522 986 659 1042 nobilium
674 985 837 1058 poculorum
855 987 896 1061 (et
909 1007 952 1042 ve·

149 1065 244 1139 stium)
259 1057 448 1128 contextorum
464 1062 586 1134 copiam,
607 1070 712 1115 caetera
728 1076 843 1132 quoque
863 1065 952 1136 regiae

151 1142 220 1196 mira
229 1147 400 1205 ornamenta,
421 1151 473 1192 neo
482 1153 537 1205 non
547 1135 710 1191 famulatum
719 1152 907 1192 numerosum
917 1147 951 1192 at·
994 1141 995 1184 l

150 1233 204 1288 que
219 1215 382 1284 dilectorum
397 1220 423 1267 et
438 1210 564 1280 affinium
573 1211 818 1282 subiectorumque
829 1221 952 1285 satrapa·

150 1308 212 1349 rum
222 1290 389 1355 ministeria3
405 1287 598 1356 haecinquam
607 1293 827 1358 praetereuntes,
844 1303 899 1358 per
909 1305 953 1343 ea-

150 1365 242 1420 stodes
256 1365 377 1436 corporis
391 1378 480 1433 usque
495 1360 530 1415 ad
544 1359 646 1416 lectum
659 1361 857 1431 pervenientes
881 1370 908 1417 et
926 1379 952 1416 ea

151 1441 222 1510 ipsa,
230 1457 301 1510 quae
310 1441 389 1493 iuxta
398 1454 497 1508 corpus
507 1444 581 1499 sunt,
589 1442 802 1507 contemnentes,
811 1453 871 1492 non
882 1436 952 1510 quod

150 1510 243 1569 cubile
256 1501 375 1586 gemmis
391 1510 428 1588 [Ἴ
445 1511 607 1567 distinctum
622 1519 763 1581 totumque
778 1526 901 1585 aureum
910 1514 951 1575 sit,

150 1588 333 1648 admirantur,
364 1605 416 1643 neo
439 1586 513 1659 quod
537 1602 696 1653 aranearum
718 1598 793 1657 more
810 1586 954 1643 subtiliter

149 1670 256 1716 textum
271 1662 354 1717 luerit
365 1662 519 1735 stragulum
534 1660 638 1732 lapillis
654 1660 839 1731 descriptum,
864 1678 955 1735 neque

118 1746 124 1757 ·
151 1737 225 1811 quod
240 1744 331 1791 vestes
345 1738 401 1790 sint
415 1736 542 1791 diversae
557 1737 675 1808 speciei,
696 1734 957 1807 pulchritudinem

151 1810 499 1878 multitudinedistinotae3
529 1810 860 1885 adbaeosepositoetiam
870 1815 957 1867 vesti-

152 1892 244 1939 mento
254 1885 297 1938 illi
304 1886 428 1939 immisso
433 1886 683 1961 tanguntmanibus
689 1893 715 1940 et
720 1900 805 1939 venas
810 1897 955 1959 promunt,

151 1960 300 2031 diligenter
312 1960 455 2031 explorant
469 1960 639 2017 vibrationes
652 1959 857 2033 (simpulsare),
880 1963 957 2019 salu·

76 2092 86 2111 .
151 2035 333 2102 taresnesint;
348 2034 957 2110 saepiusetiaminteriorestu'niuasr'elevan·

151 2120 202 2175 tes,
211 2110 506 2178 alvusnetpmidussit,
514 2110 666 2182 explorant,
674 2109 956 2183 fervidumnepeotus

152 2204 187 2241 an
197 2186 335 2257 quietum,
352 2186 561 2253 corneresiliat3
576 2194 671 2257 postea
681 2182 771 2241 autem
782 2202 957 2243 suamoura-

151 2261 254 2316 tionem
264 2258 406 2319 adhibent.
992 2278 993 2285 ¹

206 2368 249 2420 23.
279 2365 360 2420 Porro
379 2374 514 2437 oporteret
527 2364 721 2437 philosophos,
747 2365 796 2436 qui
811 2366 954 2425 medicum

151 2455 222 2510 opus
237 2439 352 2511 aggredi
365 2440 513 2504 sedicunt,
535 2450 565 2495 ut
576 2442 697 2504 animae,
718 2456 789 2511 quaa
800 2444 881 2513 regia
894 2459 956 2498 vere

152 2521 207 2575 est,
218 2514 428 2583 opitularentur,
440 2516 583 2586 despicere
593 2516 694 2579 omnia,
707 2531 778 2586 quae
788 2516 886 2571 inanis
896 2518 956 2591 glo·

151 2586 192 2638 ria
205 2600 349 2641 caecorum
362 2606 438 2643 more
451 2588 596 2661 confingit3
619 2600 651 2643 ¹et
669 2591 786 2645 interius
800 2590 956 2647 subeuntes

152 2667 272 2712 mentem
286 2662 375 2731 ipsam
390 2672 534 2727 attentare,
556 2680 590 2717 an
605 2663 640 2718 ab
651 2664 790 2735 inaequali
802 2666 843 2719 ira
855 2667 959 2722 celeri·

151 2734 191 2781 te'r
205 2747 236 2784 ao
246 2745 427 2807 praepropere
437 2754 468 2791 ae
477 2746 586 2808 praeter
596 2747 721 2792 naturam
732 2740 760 2793 in
771 2756 802 2793 ea
813 2742 957 2811 agitentur
