2050 3100
131 450 698 614 iuniore.

374 664 541 678 ψ

54 771 83 847 1.
138 747 377 847 inurens
419 768 855 871 incarnatam:

135 948 168 1001 Δ,
194 935 451 1009 PRINCIPIORUM
471 934 784 1002 PffllaONlANORUM:

262 1097 284 1139 1.
307 1048 409 1139 noni
431 1086 660 1151 saccnnrvp.

57 1243 194 1308 Animalia
203 1258 299 1321 fornice
309 1256 365 1306 iona
375 1263 414 1307 est
422 1271 523 1307 senene:
550 1270 637 1307 sensus
647 1260 731 1304 autern
742 1258 800 1317 (to·'

95 1324 164 1388 talis)
179 1325 327 1374 infecieest
329 1359 790 1373 ........................................................
842 1330 858 1371 4

58 1394 146 1443 Homo
158 1406 210 1442 non
224 1393 306 1441 solum
319 1392 430 1452 animae,
450 1391 494 1441 sed
507 1392 582 1441 etiam
594 1390 722 1439 rationalis
737 1390 790 1439 ani-

94 1474 152 1515 mae
160 1459 285 1522 particeps
299 1464 337 1507 est
348 1457 430 1508 iactus
432 1494 789 1507 ...........................................
824 1484 859 1496 -

59 1526 147 1591 Caput
154 1527 274 1590 templum
284 1528 433 1587 enimenta,
452 1533 480 1576 nt
492 1527 593 1590 quidam
603 1526 707 1576 dixere:
710 1562 789 1576 ..........
825 1544 858 1567 -·-

57 1596 172 1658 Lignum
184 1596 249 1644 ritae
263 1595 368 1644 scientia
386 1603 493 1644 estnon
512 1594 593 1643 solum
611 1600 788 1656 creaturarum,

96 1663 141 1711 eed
158 1662 261 1711 maioris
279 1676 379 1724 quoqne
397 1675 578 1724 supremaeqne
591 1676 682 1710 causae
693 1662 790 1711 univer·

96 1744 189 1779 eornm.
224 1728 289 1790 Nam
306 1730 327 1776 ai
341 1730 396 1792 quia
408 1730 501 1792 poterit
512 1729 585 1778 istius
600 1729 727 1792 suscipere
738 1743 790 1778 cer·

95 1805 147 1845 tarn
161 1797 355 1859 apparitionem,
373 1795 512 1860 fortunatus
530 1796 576 1845 erit
595 1802 619 1845 et
636 1795 697 1845 felix
715 1803 790 1859 atque

95 1877 153 1913 vere
168 1863 314 1912 immortalia
317 1898 788 1912 .........................................................
842 1868 856 1910 5

59 1931 135 1982 Unde
145 1937 183 1981 est
191 1937 287 1991 moine,
306 1931 449 1993 primuaest
451 1966 788 1981 .........................................
822 1956 857 1968 -

60 1999 136 2050 Bona
145 1998 229 2048 omnia
237 2003 312 2058 atque
322 1998 402 2060 grati-a
410 1998 508 2047 initium
518 1999 645 2060 accipiunt
653 2010 669 2045 a
676 1997 734 2046 loco
746 1997 789 2046 do·

96 2079 189 2115 mrmco
191 2100 249 2114 .......
252 2079 258 2112 ι
261 2100 787 2113 ................................................................
824 2089 855 2099 -

63 2131 193 2195 Sapientia
206 2133 262 2199 ipsa
271 2139 297 2180 et
306 2132 423 2196 splendor
433 2132 494 2194 (est)
505 2139 530 2180 et
538 2132 582 2179 lux
585 2165 788 2178 .........................
823 2156 856 2166 -

63 2197 135 2249 cibis
143 2199 258 2249 homines
267 2213 319 2248 non
332 2199 414 2254 solnm
428 2199 461 2247 ad
474 2197 676 2257 delectationem,
698 2196 742 2245 sed
755 2202 790 2244 et-

115 2364 136 2412 ⁸)
157 2365 241 2417 iudicer
258 2363 402 2404 Ancherianoc
419 2364 487 2417 primo
504 2363 551 2400 loco
568 2361 678 2418 poeninas
696 2359 722 2397 ob
740 2359 797 2406 eiua.
821 2361 855 2406 qui

58 2417 232 2511 paginam&
244 2415 350 2464 seqnitur,
370 2415 449 2463 quippe
461 2412 596 2462 principia
608 2409 733 2448 Philoniane
746 2409 856 2448 eontinen-

114 2532 147 2571 ”i
169 2532 240 2572 Primo
257 2532 305 2571 ioco
321 2531 411 2570 indicem
425 2531 486 2569 'l'omi
502 2527 614 2568 aeonndi
630 2526 750 2576 potuimus,
773 2525 822 2574 quie
835 2525 857 2564 in

61 2586 110 2632 ipra
125 2583 165 2621 inc
181 2583 275 2622 editione
291 2582 326 2621 irio
342 2583 421 2621 Temni
437 2582 481 2620 iam
497 2580 565 2629 primo
582 2579 629 2616 loco
647 2579 682 2625 (ex
701 2577 772 2616 eeneii
794 2585 858 2625 cupra

62 2635 124 2672 Tom.
137 2633 173 2680 v1,
188 2643 237 2681 pag.
251 2632 357 2681 2⁶1⁹‚noi⁸
371 2631 383 2657 ⁸
397 2632 476 2678 aihiia)
488 2631 571 2679 positus
584 2629 629 2668 fult

115 2699 135 2748 i)
147 2699 194 2739 Hae
207 2700 298 2749 paginae
310 2701 361 2740 inni
373 2697 529 2744 inmeante,
542 2706 585 2734 non
598 2696 661 2736 huia
675 2695 780 2736 editionis.

98 2749 209 2800 Ptine
228 2750 301 2801 viii.
628 2745 652 2795 L
