2050 3100
174 199 220 252 tto
395 200 578 248 esiconis
601 199 740 247 runem
781 233 789 250 .
867 195 970 262 [ωσι]

171 305 233 360 istis
247 305 353 358 semina
369 319 449 356 curae
467 299 623 364 habendae,
650 307 682 354 ut
699 300 930 372 unumquodque
942 301 970 355 ad

171 381 302 435 virtutem
312 377 367 432 eibi
377 377 516 448 propriam
525 372 719 447 progrediens,
735 389 793 429 non
806 372 970 431 destituatur

172 453 290 510 adebita
300 451 475 524 perfectione.
505 450 845 518 Convenientoretpavo,
858 453 970 521 quieer·

172 545 241 583 nens
259 528 289 581 in
309 543 338 582 se
356 525 457 580 claram
478 525 703 594 variegatamqne
723 522 838 577 alarum
864 525 970 580 man

172 611 295 658 texturae
304 599 433 661 similem,
446 597 659 669 pulcherrimam
669 597 784 668 praebet
794 602 927 669 speciem
936 602 971 653 vi·

172 675 315 735 dentibus,
337 687 390 725 non
400 674 580 727 ostentatione
588 673 690 735 utitur,
710 671 761 726 sed
777 680 905 730 naturae
916 691 970 730 suat

173 747 210 823 [*]
223 747 332 802 nuntie
342 745 482 804 desiderio
490 747 574 801 cedit.

227 855 270 910 89.
298 853 396 910 Putare
415 861 520 920 autem,
552 851 626 925 quod
645 870 717 908 unus
734 854 972 912 Antiochenorun

171 929 347 1002 elephantum
358 929 427 984 Aiax
438 929 607 992 nominatus,
628 945 715 1000 quum
728 929 867 998 privatus
883 931 972 987 luisset
1002 926 1003 929 ’

172 1003 305 1078 dignitate
315 1003 473 1075 principali,
487 1003 577 1058 lurore
587 1011 684 1074 captus
694 1001 788 1068 fuerit,
798 1005 973 1062 irridendum

172 1081 282 1135 omnino
297 1087 338 1134 est
351 1096 406 1132 una
421 1095 484 1144 cum
498 1078 662 1148 procacitate
678 1077 895 1151 insolentiaque
911 1081 972 1135 ieras

171 1155 284 1228 agresti.
323 1154 455 1209 Fortassis
476 1152 511 1207 ob
536 1152 730 1206 saturationem
751 1151 973 1226 fruitionemque

172 1229 229 1284 cibi
239 1228 356 1284 multum
366 1227 476 1284 delicati
486 1225 635 1299 diligenter
645 1226 722 1281 alteri
732 1232 896 1299 comparati
907 1231 972 1286 invi-
1003 1244 1004 1255 ¹

172 1303 217 1359 dia
229 1303 506 1362 ambitiosaaccessit.

228 1416 271 1467 90.
292 1411 401 1468 Catulos
415 1428 480 1468 vero
494 1417 522 1466 et
538 1426 668 1483 onagros,
690 1407 809 1472 haedos,
835 1411 939 1466 simias
952 1421 972 1464 et

172 1503 362 1559 quaecumque
370 1485 499 1540 mirificas
509 1485 539 1538 in
548 1483 704 1557 spectaculo
713 1484 921 1540 ostentationes
932 1503 971 1540 ex·

172 1561 281 1625 hibent.
294 1562 350 1616 noli
360 1570 455 1633 putare
466 1561 523 1617 ullo
533 1560 614 1615 modo
624 1560 736 1614 rationis
745 1574 808 1614 esse
819 1557 971 1616 documen-

171 1644 212 1703 ta;
231 1653 294 1691 uam
305 1636 361 1690 cibi
372 1636 538 1709 indigentia,
554 1644 581 1691 et
595 1634 689 1689 crebre
703 1631 850 1707 flagellum
862 1636 972 1690 adhaec

172 1710 304 1774 excitant,
321 1709 460 1781 siquidem
474 1727 564 1774 omne,
579 1707 728 1782 quodquod
742 1707 855 1763 animae
870 1720 973 1782 partem

173 1784 268 1847 habet,
289 1781 443 1838 subiectum
453 1793 494 1840 est
503 1793 651 1850 tormento,
672 1780 973 1841 etlamistormentum
1005 1839 1006 1848 ,

171 1858 224 1913 sub
235 1858 295 1929 lege
306 1860 458 1913 necessaria
468 1860 580 1933 redigit.
1005 1857 1006 1860 ’

227 1952 270 2003 91.
281 1947 392 2015 Quodsi
402 1964 514 2005 censeas
525 1952 579 2006 alia
588 1948 711 2021 praedita
721 1964 781 2002 esse
790 1952 973 2005 oeconomica

172 2022 290 2097 quadani
300 2022 459 2094 prudentia,
481 2032 511 2079 ut
526 2024 638 2079 formica
653 2032 680 2079 et
692 2024 765 2094 apis,
787 2038 883 2093 quum
894 2041 973 2080 nemo

172 2102 286 2155 istorum
302 2106 393 2153 tamen
410 2099 523 2170 politica
545 2098 676 2171 gaudeat,
709 2096 843 2152 concedas
865 2108 974 2171 oportet

172 2190 252 2246 posse
263 2172 363 2228 falsum
373 2190 432 2229 esse
441 2175 470 2229 in
480 2175 587 2245 specie,
606 2172 682 2246 quod
692 2188 787 2228 verum
797 2172 835 2226 sit
842 2172 877 2227 in
888 2190 974 2246 gene·

172 2266 215 2313 re,
232 2249 284 2304 sub
298 2264 352 2320 quo
366 2247 448 2303 cadit.
487 2248 522 2303 Ut
530 2256 611 2319 puto,
629 2265 683 2302 non
693 2248 816 2318 ignoras,
835 2247 916 2317 quod
928 2266 974 2303 eo-

172 2324 463 2386 rumestoeoonomia‚
484 2338 602 2393 quornm
616 2329 644 2376 et
652 2321 777 2393 politice:
796 2321 973 2377 nniusenim

172 2406 289 2468 utraque
299 2399 408 2452 virtutis
417 2396 521 2468 proles,
537 2397 590 2451 etsi
600 2396 654 2451 sub
663 2397 756 2468 specie
765 2410 861 2466 peres,
880 2398 974 2469 impa-

171 2486 215 2522 res
225 2478 315 2525 tamen
326 2471 527 2543 magnitudine,
545 2478 577 2525 ut
589 2470 688 2525 (lomus
697 2478 725 2524 et
734 2470 843 2523 civitas.
884 2470 973 2543 Atqui

171 2540 299 2667 geeslpeis
308 2544 429 2615 politice,
443 2556 608 2618 nequeorgo
617 2544 787 2617 dispensatio
796 2542 919 2600 dicenda
930 2554 973 2601 est

190 2629 225 2666 ei
249 2632 282 2669 is.

224 2703 267 2757 92.
291 2702 326 2759 At
339 2706 408 2775 qnid
421 2708 484 2777 quis
498 2706 592 2763 dicere
607 2716 699 2781 potest
711 2706 856 2781 (inquies),
879 2725 972 2781 quum
