2050 3100
96 137 199 204 tuma]
258 143 299 188 rra
317 141 500 188 crunam.
520 143 647 189 annuo
666 143 708 189 111.
871 142 885 192 3

95 244 164 298 altari
174 242 341 309 offeruntur3
361 257 426 296 nam
436 242 466 296 in
476 241 580 296 hostias
591 242 719 298 distincta
730 243 798 298 haec
809 253 886 300 sunt:

92 319 121 373 de
130 317 310 373 terrestribus
320 317 387 381 tria,
410 316 473 380 boa,
495 333 591 387 capra,
610 333 709 388 pecus,
727 328 753 373 et
763 319 798 375 de
808 320 889 375 volu-

91 394 180 447 eribus
191 392 267 455 dno,
287 399 379 446 turtur
392 399 421 444 et
435 390 575 459 columba;
600 391 721 447 celebrat
730 394 805 448 enim
815 412 890 450 sem-

91 469 209 538 piternas
225 466 330 520 hostias
344 465 482 536 originem
492 465 607 520 duxisse
621 483 636 520 a
649 469 817 538 patriarcba,
839 471 889 541 qui

90 551 113 595 ct
125 542 219 614 gentis
235 541 314 612 origo
329 539 392 593 luit.
432 540 575 594 Caeterum
593 556 643 612 pro
662 541 711 596 illo
730 543 808 598 Fer-to
826 547 890 598 mibi

89 619 190 686 optime
212 614 321 668 dictum
346 621 401 667 est:
436 619 530 682 Accipe
552 618 629 683 milti;
662 616 889 689 quandoquidem

88 698 229 744 creaturae
249 688 320 742 nihil
340 688 452 759 proprio
470 688 611 759 peculiare
634 699 689 755 est,
723 691 773 746 sed
796 694 889 747 omnia

87 774 148 819 sunt
167 763 244 818 dona
263 763 423 835 gratiaeque
442 762 502 817 dei:
534 764 580 826 cui
595 763 685 836 placet
699 766 825 831 omnino,
847 775 887 830 ut,

86 848 236 911 postquam
245 838 310 908 quis
321 835 430 908 aliquid
439 839 601 908 sumpserit,
614 846 668 894 toto
678 838 775 894 affectu
786 842 888 914 gratias

86 913 197 968 referat.
246 912 372 966 Trimnm
396 927 461 966 vero
482 914 701 985 unumquodque
728 915 890 970 animalium

86 989 164 1043 iubet
185 987 325 1058 accipere3
356 987 487 1056 qnoniam
505 987 605 1057 plenus
625 1005 656 1042 ac
675 987 812 1059 perlectus
837 995 890 1043 nu·—

86 1080 181 1118 merus
190 1070 235 1116 est
244 1062 334 1116 uinus
341 1097 353 1123 ,-
360 1062 511 1116 consistens
521 1062 670 1132 principio,
685 1062 777 1115 medio
787 1071 814 1116 et
824 1063 888 1117 line.

86 1139 216 1192 Attamen
227 1135 355 1190 dubitare
365 1134 443 1199 licet,
459 1152 545 1207 quare
556 1151 591 1188 ex
602 1135 690 1188 tribus
704 1135 890 1189 animantibus

85 1212 157 1267 duas
178 1211 297 1265 feminas
314 1207 440 1273 inducat,
467 1208 587 1264 vitulam
606 1217 633 1263 et
651 1224 775 1280 capram,
803 1226 890 1264 unum

86 1304 154 1341 vero
164 1285 336 1347 masculum,
347 1281 478 1338 arietem?
500 1286 542 1338 Ne
553 1283 621 1338 sorte
631 1283 707 1348 ideo,
717 1283 791 1354 quod
802 1284 890 1339 vitula

85 1371 114 1416 et
127 1377 215 1432 capra
228 1359 264 1413 ob
278 1366 424 1430 peccatum
440 1357 604 1423 offeruntur,
631 1375 685 1414 non
703 1367 793 1414 autem
811 1361 886 1427 ovis3

84 1439 163 1490 sicut
172 1444 200 1489 et
209 1450 324 1506 peccare
338 1449 374 1488 ex
387 1431 536 1507 fragilitate
550 1434 690 1506 provenit,
713 1433 821 1510 fragilis
840 1452 890 1489 au-

84 1509 320 1566 temestlemina.

144 1598 290 1653 Tantidem
309 1595 434 1669 apposite
449 1596 504 1650 iam
519 1595 610 1650 dicere
628 1598 720 1651 visum
739 1606 789 1653 est.
830 1599 889 1653 Non

84 1685 182 1729 tamen
196 1673 305 1745 ignoro,
331 1670 407 1743 quod
420 1670 580 1732 huiusmodi
595 1672 685 1725 omnia
701 1688 795 1726 ansam
830 1690 891 1726 rae-

85 1748 158 1801 bent
168 1747 327 1802 bominibus
339 1743 377 1820 [Ἴ
390 1746 507 1799 inaniter
517 1744 742 1809 criminantibus,
760 1754 790 1801 ut
820 1764 890 1800 esa-

87 1822 146 1875 cris
159 1820 237 1876 libris
248 1820 402 1876 detrahant.
431 1821 511 1874 Nunc
521 1822 613 1891 itaque
624 1820 694 1875 nihil
706 1820 783 1875 aliud
794 1821 891 1877 dicunt

89 1896 146 1949 nisi
159 1896 373 1950 immolationem
382 1892 517 1948 delineari
530 1912 562 1948 ac
576 1894 694 1949 indicari
709 1912 759 1965 per
772 1894 890 1949 divisio-

89 1987 156 2024 nem
170 1970 331 2028 animalium
348 1967 612 2039 inquisitionemque
631 1970 783 2024 viscerum:
815 1967 891 2041 quod
976 1974 983 1983 '

89 2053 184 2098 autem
195 2044 332 2099 adsederit
342 2044 397 2106 eis,
416 2043 612 2097 indicationem
623 2044 700 2098 aiunt
714 2060 775 2099 esse
788 2061 890 2099 eonve-

89 2119 214 2173 nientiae
229 2127 257 2173 et
269 2118 437 2173 occurrentis
451 2134 486 2171 ex
502 2118 664 2173 visibilibus
684 2118 888 2175 similitudinis.

87 2193 195 2247 Verum
213 2192 274 2257 isti,
294 2200 325 2248 ut
344 2191 415 2245 mihi
435 2192 544 2255 videor,
569 2193 676 2247 exiliis
691 2202 768 2258 sunt,
790 2195 890 2265 quiex

89 2268 174 2321 unica
188 2276 266 2337 parte
279 2264 435 2321 diiudicant
447 2275 548 2331 totum,
568 2284 622 2321 non
636 2284 701 2322 vero
716 2268 840 2339 opposite
855 2283 891 2321 ex

88 2348 147 2395 toto
159 2349 281 2412 partem:
310 2356 382 2411 quae
395 2340 492 2395 melior
509 2349 550 2395 est
567 2340 743 2406 diiudicati0,
765 2349 889 2413 quotam

90 2430 207 2479 nomen,
223 2432 307 2487 qnam
316 2431 362 2469 res
371 2418 482 2469 omnino
491 2416 651 2486 probentur.

148 2505 199 2558 Est
208 2505 300 2576 itaque
311 2505 448 2577 legislatio
459 2504 498 2577 (h.
510 2524 536 2559 e.
548 2507 682 2577 scriptura
693 2502 793 2572 sacra),
812 2510 843 2554 ut
853 2501 891 2555 ita

90 2576 228 2641 dixerim,
241 2578 340 2633 vivens
349 2580 489 2648 quoddam
499 2581 621 2633 unitum:
643 2576 719 2648 quod
731 2581 818 2628 totum
827 2574 891 2627 totis

89 2652 183 2707 oculis
202 2652 289 2707 nitide
302 2661 408 2723 oportet
421 2654 633 2724 circumspicere
642 2647 838 2771 qtpniversam
849 2645 893 2695 in-
