<?xml version="1.0" encoding="UTF-8"?>
<!DOCTYPE html PUBLIC "-//W3C//DTD XHTML 1.0 Transitional//EN"
    "http://www.w3.org/TR/xhtml1/DTD/xhtml1-transitional.dtd">
<html xmlns="http://www.w3.org/1999/xhtml" xml:lang="en" lang="en">
 <head>
  <title>
</title>
<meta http-equiv="Content-Type" content="text/html;charset=utf-8" />
  <meta name='ocr-system' content='tesseract 3.04.00' />
  <meta name='ocr-capabilities' content='ocr_page ocr_carea ocr_par ocr_line ocrx_word'/>
</head>
<body>
  <div class='ocr_page' id='page_1' title='image "./operaomniaadlib02philgoog/operaomniaadlib02philgoog_0534.png"; bbox 0 0 2050 3100; ppageno 0'>
   <div class='ocr_carea' id='block_1_1' title="bbox 58 214 863 283">
    <p class='ocr_par' dir='ltr' id='par_1_1' title="bbox 58 214 863 283">
     <span class='ocr_line' id='line_1_1' title="bbox 58 214 863 283; baseline 0.001 -14"><span class='ocrx_word' id='word_1_1' title='bbox 58 214 190 283; x_wconf 57' lang='lat' dir='ltr'><strong>[Liuiade]</strong></span> <span class='ocrx_word' id='word_1_2' title='bbox 209 219 259 268; x_wconf 85' lang='lat' dir='ltr'><strong>DE</strong></span> <span class='ocrx_word' id='word_1_3' title='bbox 277 221 552 268; x_wconf 78' lang='lat' dir='ltr'>PROVIDENTIA</span> <span class='ocrx_word' id='word_1_4' title='bbox 565 221 697 270; x_wconf 65' lang='lat' dir='ltr'><strong>,SERMO</strong></span> <span class='ocrx_word' id='word_1_5' title='bbox 715 223 747 268; x_wconf 88' lang='lat'><strong>11.</strong></span> <span class='ocrx_word' id='word_1_6' title='bbox 834 217 863 270; x_wconf 81' lang='grc'><strong>61</strong></span> 
     </span>
    </p>
   </div>
   <div class='ocr_carea' id='block_1_2' title="bbox 57 317 869 845">
    <p class='ocr_par' dir='ltr' id='par_1_2' title="bbox 57 317 869 845">
     <span class='ocr_line' id='line_1_2' title="bbox 57 317 869 395; baseline -0.002 -14"><span class='ocrx_word' id='word_1_7' title='bbox 57 325 139 382; x_wconf 82' lang='lat' dir='ltr'><strong>nelis</strong></span> <span class='ocrx_word' id='word_1_8' title='bbox 149 322 262 378; x_wconf 85' lang='lat' dir='ltr'><strong>naturae</strong></span> <span class='ocrx_word' id='word_1_9' title='bbox 271 328 413 394; x_wconf 71' lang='lat' dir='ltr'><strong>paterent,</strong></span> <span class='ocrx_word' id='word_1_10' title='bbox 435 317 716 377; x_wconf 83' lang='lat' dir='ltr'><strong>cunctorumillorum</strong></span> <span class='ocrx_word' id='word_1_11' title='bbox 727 323 775 395; x_wconf 91' lang='lat' dir='ltr'><strong>qui</strong></span> <span class='ocrx_word' id='word_1_12' title='bbox 785 324 869 379; x_wconf 85' lang='lat' dir='ltr'><strong>ratio·</strong></span> 
     </span>
     <span class='ocr_line' id='line_1_3' title="bbox 59 395 864 470; baseline -0.001 -15"><span class='ocrx_word' id='word_1_13' title='bbox 59 416 130 455; x_wconf 91' lang='lat' dir='ltr'><strong>nem</strong></span> <span class='ocrx_word' id='word_1_14' title='bbox 142 398 232 466; x_wconf 78' lang='lat' dir='ltr'><strong>sortiti</strong></span> <span class='ocrx_word' id='word_1_15' title='bbox 241 405 319 460; x_wconf 85' lang='lat' dir='ltr'><strong>sunt,</strong></span> <span class='ocrx_word' id='word_1_16' title='bbox 336 413 429 450; x_wconf 88' lang='lat' dir='ltr'><strong>curam</strong></span> <span class='ocrx_word' id='word_1_17' title='bbox 440 395 536 462; x_wconf 84' lang='lat' dir='ltr'><strong>habet,</strong></span> <span class='ocrx_word' id='word_1_18' title='bbox 553 403 580 452; x_wconf 86' lang='lat' dir='ltr'><strong>et</strong></span> <span class='ocrx_word' id='word_1_19' title='bbox 589 396 735 452; x_wconf 82' lang='lat' dir='ltr'><strong>fovetillos</strong></span> <span class='ocrx_word' id='word_1_20' title='bbox 745 414 864 470; x_wconf 85' lang='lat' dir='ltr'><strong>quoque,</strong></span> 
     </span>
     <span class='ocr_line' id='line_1_4' title="bbox 60 471 868 546; baseline 0 -18"><span class='ocrx_word' id='word_1_21' title='bbox 60 475 117 546; x_wconf 91' lang='lat' dir='ltr'><strong>qui</strong></span> <span class='ocrx_word' id='word_1_22' title='bbox 128 490 238 528; x_wconf 90' lang='lat' dir='ltr'><strong>reorum</strong></span> <span class='ocrx_word' id='word_1_23' title='bbox 246 473 333 528; x_wconf 87' lang='lat' dir='ltr'><strong>instar</strong></span> <span class='ocrx_word' id='word_1_24' title='bbox 345 471 456 538; x_wconf 75' lang='lat' dir='ltr'><strong>vivunt,</strong></span> <span class='ocrx_word' id='word_1_25' title='bbox 479 471 563 525; x_wconf 84' lang='lat' dir='ltr'><strong>simul</strong></span> <span class='ocrx_word' id='word_1_26' title='bbox 574 479 604 538; x_wconf 76' lang='lat' dir='ltr'><strong>et</strong></span> <span class='ocrx_word' id='word_1_27' title='bbox 613 479 721 543; x_wconf 90' lang='lat' dir='ltr'><strong>tempus</strong></span> <span class='ocrx_word' id='word_1_28' title='bbox 733 471 767 526; x_wconf 90' lang='lat' dir='ltr'><strong>ad</strong></span> <span class='ocrx_word' id='word_1_29' title='bbox 777 485 868 528; x_wconf 86' lang='lat' dir='ltr'><strong>corre-</strong></span> 
     </span>
     <span class='ocr_line' id='line_1_5' title="bbox 63 545 869 617; baseline -0.001 -13"><span class='ocrx_word' id='word_1_30' title='bbox 63 550 189 604; x_wconf 83' lang='lat' dir='ltr'>ctionem</span> <span class='ocrx_word' id='word_1_31' title='bbox 199 547 240 602; x_wconf 89' lang='lat' dir='ltr'><strong>eis</strong></span> <span class='ocrx_word' id='word_1_32' title='bbox 250 545 390 610; x_wconf 89' lang='lat' dir='ltr'><strong>concedit,</strong></span> <span class='ocrx_word' id='word_1_33' title='bbox 406 563 459 600; x_wconf 89' lang='lat' dir='ltr'><strong>neo</strong></span> <span class='ocrx_word' id='word_1_34' title='bbox 472 563 488 599; x_wconf 93' lang='lat' dir='ltr'><strong>a</strong></span> <span class='ocrx_word' id='word_1_35' title='bbox 495 546 616 617; x_wconf 85' lang='lat' dir='ltr'><strong>propitia</strong></span> <span class='ocrx_word' id='word_1_36' title='bbox 627 563 675 601; x_wconf 90' lang='lat' dir='ltr'><strong>sua</strong></span> <span class='ocrx_word' id='word_1_37' title='bbox 686 556 782 602; x_wconf 86' lang='lat' dir='ltr'><strong>natura</strong></span> <span class='ocrx_word' id='word_1_38' title='bbox 792 565 869 603; x_wconf 86' lang='lat' dir='ltr'><strong>rece·</strong></span> 
     </span>
     <span class='ocr_line' id='line_1_6' title="bbox 61 619 869 696; baseline -0.004 -18"><span class='ocrx_word' id='word_1_39' title='bbox 61 624 124 688; x_wconf 90' lang='lat' dir='ltr'><strong>dit,</strong></span> <span class='ocrx_word' id='word_1_40' title='bbox 146 639 230 694; x_wconf 88' lang='lat' dir='ltr'><strong>quam</strong></span> <span class='ocrx_word' id='word_1_41' title='bbox 243 628 398 693; x_wconf 87' lang='lat' dir='ltr'><strong>sequuntur</strong></span> <span class='ocrx_word' id='word_1_42' title='bbox 411 623 500 674; x_wconf 73' lang='lat' dir='ltr'><strong>viatim</strong></span> <span class='ocrx_word' id='word_1_43' title='bbox 514 629 541 675; x_wconf 87' lang='lat' dir='ltr'><strong>et</strong></span> <span class='ocrx_word' id='word_1_44' title='bbox 555 621 584 674; x_wconf 92' lang='lat' dir='ltr'><strong>iu</strong></span> <span class='ocrx_word' id='word_1_45' title='bbox 599 619 869 696; x_wconf 59' lang='lat' dir='ltr'><strong>homines&#39;benignir-</strong></span> 
     </span>
     <span class='ocr_line' id='line_1_7' title="bbox 63 694 869 768; baseline 0 -15"><span class='ocrx_word' id='word_1_46' title='bbox 63 710 126 754; x_wconf 80' lang='lat' dir='ltr'><strong>tas:</strong></span> <span class='ocrx_word' id='word_1_47' title='bbox 147 698 228 768; x_wconf 86' lang='lat' dir='ltr'><strong>isque</strong></span> <span class='ocrx_word' id='word_1_48' title='bbox 242 697 363 768; x_wconf 87' lang='lat' dir='ltr'><strong>optimus</strong></span> <span class='ocrx_word' id='word_1_49' title='bbox 379 695 422 750; x_wconf 91' lang='lat' dir='ltr'><strong>illi</strong></span> <span class='ocrx_word' id='word_1_50' title='bbox 435 694 503 750; x_wconf 92' lang='lat' dir='ltr'><strong>ordo</strong></span> <span class='ocrx_word' id='word_1_51' title='bbox 518 703 558 749; x_wconf 90' lang='lat' dir='ltr'><strong>est</strong></span> <span class='ocrx_word' id='word_1_52' title='bbox 568 694 734 767; x_wconf 85' lang='lat' dir='ltr'><strong>perlustrare</strong></span> <span class='ocrx_word' id='word_1_53' title='bbox 744 697 869 754; x_wconf 84' lang='lat' dir='ltr'><strong>divinam</strong></span> 
     </span>
     <span class='ocr_line' id='line_1_8' title="bbox 63 769 302 845; baseline -0.008 -17"><span class='ocrx_word' id='word_1_54' title='bbox 63 769 183 828; x_wconf 83' lang='lat' dir='ltr'><strong>domum</strong></span> <span class='ocrx_word' id='word_1_55' title='bbox 193 771 302 845; x_wconf 84' lang='lat' dir='ltr'><strong>(suam).</strong></span> 
     </span>
    </p>
   </div>
   <div class='ocr_carea' id='block_1_3' title="bbox 64 872 869 1397">
    <p class='ocr_par' dir='ltr' id='par_1_3' title="bbox 64 872 869 1397">
     <span class='ocr_line' id='line_1_9' title="bbox 127 872 869 950; baseline 0.005 -22"><span class='ocrx_word' id='word_1_56' title='bbox 127 877 168 928; x_wconf 87' lang='grc'><strong>16.</strong></span> <span class='ocrx_word' id='word_1_57' title='bbox 192 874 283 929; x_wconf 90' lang='lat' dir='ltr'><strong>Unum</strong></span> <span class='ocrx_word' id='word_1_58' title='bbox 297 873 391 944; x_wconf 89' lang='lat' dir='ltr'><strong>itaque</strong></span> <span class='ocrx_word' id='word_1_59' title='bbox 405 872 522 928; x_wconf 88' lang='lat' dir='ltr'><strong>verbum</strong></span> <span class='ocrx_word' id='word_1_60' title='bbox 536 873 587 928; x_wconf 90' lang='lat' dir='ltr'><strong>hoo</strong></span> <span class='ocrx_word' id='word_1_61' title='bbox 603 875 633 938; x_wconf 84' lang='lat' dir='ltr'><strong>in</strong></span> <span class='ocrx_word' id='word_1_62' title='bbox 648 876 803 950; x_wconf 80' lang='lat' dir='ltr'><strong>animum*)</strong></span> <span class='ocrx_word' id='word_1_63' title='bbox 822 895 869 932; x_wconf 89' lang='lat' dir='ltr'><strong>ao-</strong></span> 
     </span>
     <span class='ocr_line' id='line_1_10' title="bbox 65 945 868 1034; baseline 0.001 -28"><span class='ocrx_word' id='word_1_64' title='bbox 65 952 134 1026; x_wconf 88' lang='lat' dir='ltr'><strong>cipe</strong></span> <span class='ocrx_word' id='word_1_65' title='bbox 148 966 179 1002; x_wconf 90' lang='lat' dir='ltr'><strong>ao</strong></span> <span class='ocrx_word' id='word_1_66' title='bbox 193 947 274 1003; x_wconf 87' lang='lat' dir='ltr'><strong>eorde</strong></span> <span class='ocrx_word' id='word_1_67' title='bbox 288 956 336 1002; x_wconf 93' lang='lat' dir='ltr'><strong>tuo</strong></span> <span class='ocrx_word' id='word_1_68' title='bbox 345 947 476 1002; x_wconf 85' lang='lat' dir='ltr'><strong>reconde:</strong></span> <span class='ocrx_word' id='word_1_69' title='bbox 500 945 537 1034; x_wconf 67' lang='grc' dir='ltr'><strong>[Ἴ</strong></span> <span class='ocrx_word' id='word_1_70' title='bbox 552 957 612 1002; x_wconf 91' lang='lat' dir='ltr'><strong>tum</strong></span> <span class='ocrx_word' id='word_1_71' title='bbox 627 949 742 1005; x_wconf 88' lang='lat' dir='ltr'><strong>alterum</strong></span> <span class='ocrx_word' id='word_1_72' title='bbox 757 968 868 1022; x_wconf 90' lang='lat' dir='ltr'><strong>quoque</strong></span> 
     </span>
     <span class='ocr_line' id='line_1_11' title="bbox 64 1023 867 1098; baseline -0.001 -17"><span class='ocrx_word' id='word_1_73' title='bbox 64 1026 127 1098; x_wconf 82' lang='lat' dir='ltr'><strong>ipsi</strong></span> <span class='ocrx_word' id='word_1_74' title='bbox 138 1039 286 1079; x_wconf 87' lang='lat' dir='ltr'><strong>consonum</strong></span> <span class='ocrx_word' id='word_1_75' title='bbox 301 1030 383 1092; x_wconf 88' lang='lat' dir='ltr'><strong>atque</strong></span> <span class='ocrx_word' id='word_1_76' title='bbox 392 1039 569 1077; x_wconf 82' lang='lat' dir='ltr'><strong>conveniens.</strong></span> <span class='ocrx_word' id='word_1_77' title='bbox 608 1024 648 1078; x_wconf 90' lang='lat' dir='ltr'><strong>Ne</strong></span> <span class='ocrx_word' id='word_1_78' title='bbox 657 1023 725 1079; x_wconf 89' lang='lat' dir='ltr'><strong>adeo</strong></span> <span class='ocrx_word' id='word_1_79' title='bbox 734 1041 867 1097; x_wconf 83' lang='lat' dir='ltr'><strong>umquam</strong></span> 
     </span>
     <span class='ocr_line' id='line_1_12' title="bbox 64 1094 868 1169; baseline 0 -15"><span class='ocrx_word' id='word_1_80' title='bbox 64 1097 238 1159; x_wconf 73' lang='lat' dir='ltr'>mendaciter</span> <span class='ocrx_word' id='word_1_81' title='bbox 250 1095 372 1169; x_wconf 77' lang='lat' dir='ltr'><strong>proferas</strong></span> <span class='ocrx_word' id='word_1_82' title='bbox 384 1094 421 1151; x_wconf 87' lang='lat' dir='ltr'><strong>da</strong></span> <span class='ocrx_word' id='word_1_83' title='bbox 435 1096 562 1161; x_wconf 86' lang='lat' dir='ltr'><strong>veritate,</strong></span> <span class='ocrx_word' id='word_1_84' title='bbox 578 1096 747 1166; x_wconf 79' lang='lat' dir='ltr'><strong>Alexander,</strong></span> <span class='ocrx_word' id='word_1_85' title='bbox 763 1109 794 1156; x_wconf 86' lang='lat' dir='ltr'><strong>ut</strong></span> <span class='ocrx_word' id='word_1_86' title='bbox 804 1101 868 1156; x_wconf 85' lang='lat' dir='ltr'><strong>leli-</strong></span> 
     </span>
     <span class='ocr_line' id='line_1_13' title="bbox 66 1171 868 1250; baseline 0 -20"><span class='ocrx_word' id='word_1_87' title='bbox 66 1191 132 1231; x_wconf 88' lang='lat' dir='ltr'><strong>cem</strong></span> <span class='ocrx_word' id='word_1_88' title='bbox 139 1187 308 1244; x_wconf 81' lang='lat' dir='ltr'><strong>quemquam</strong></span> <span class='ocrx_word' id='word_1_89' title='bbox 318 1171 502 1244; x_wconf 85' lang='lat' dir='ltr'><strong>malignorum</strong></span> <span class='ocrx_word' id='word_1_90' title='bbox 512 1189 573 1226; x_wconf 83' lang='lat' dir='ltr'><strong>essa</strong></span> <span class='ocrx_word' id='word_1_91' title='bbox 583 1181 677 1244; x_wconf 85' lang='lat' dir='ltr'><strong>putes,</strong></span> <span class='ocrx_word' id='word_1_92' title='bbox 689 1176 739 1230; x_wconf 89' lang='lat' dir='ltr'><strong>etsi</strong></span> <span class='ocrx_word' id='word_1_93' title='bbox 751 1175 868 1250; x_wconf 87' lang='lat' dir='ltr'><strong>opulen-</strong></span> 
     </span>
     <span class='ocr_line' id='line_1_14' title="bbox 64 1247 867 1322; baseline -0.001 -17"><span class='ocrx_word' id='word_1_94' title='bbox 64 1253 122 1308; x_wconf 86' lang='lat' dir='ltr'><strong>tior</strong></span> <span class='ocrx_word' id='word_1_95' title='bbox 132 1249 169 1308; x_wconf 86' lang='lat' dir='ltr'><strong>sit</strong></span> <span class='ocrx_word' id='word_1_96' title='bbox 181 1247 279 1307; x_wconf 83' lang='lat' dir='ltr'>Croeso</span> <span class='ocrx_word' id='word_1_97' title='bbox 298 1254 325 1302; x_wconf 88' lang='lat' dir='ltr'><strong>et</strong></span> <span class='ocrx_word' id='word_1_98' title='bbox 338 1248 446 1319; x_wconf 84' lang='lat' dir='ltr'><strong>Lynceo</strong></span> <span class='ocrx_word' id='word_1_99' title='bbox 464 1247 568 1301; x_wconf 77' lang='lat' dir='ltr'><strong>acutior</strong></span> <span class='ocrx_word' id='word_1_100' title='bbox 585 1249 648 1302; x_wconf 85' lang='lat' dir='ltr'><strong>visu</strong></span> <span class='ocrx_word' id='word_1_101' title='bbox 664 1265 695 1304; x_wconf 87' lang='lat' dir='ltr'><strong>ao</strong></span> <span class='ocrx_word' id='word_1_102' title='bbox 710 1250 867 1322; x_wconf 79' lang='lat' dir='ltr'><strong>longaevior</strong></span> 
     </span>
     <span class='ocr_line' id='line_1_15' title="bbox 64 1320 690 1397; baseline -0.003 -16"><span class='ocrx_word' id='word_1_103' title='bbox 64 1321 291 1397; x_wconf 77' lang='lat' dir='ltr'><strong>Amantilone**)</strong></span> <span class='ocrx_word' id='word_1_104' title='bbox 306 1320 503 1394; x_wconf 83' lang='lat' dir='ltr'><strong>pulchriorque</strong></span> <span class='ocrx_word' id='word_1_105' title='bbox 518 1321 690 1396; x_wconf 82' lang='lat' dir='ltr'><strong>Ganymede:</strong></span> 
     </span>
    </p>
   </div>
   <div class='ocr_carea' id='block_1_4' title="bbox 122 1409 868 1635">
    <p class='ocr_par' dir='ltr' id='par_1_4' title="bbox 122 1409 868 1635">
     <span class='ocr_line' id='line_1_16' title="bbox 128 1409 868 1485; baseline 0 -15"><span class='ocrx_word' id='word_1_106' title='bbox 128 1415 207 1485; x_wconf 58' lang='lat' dir='ltr'><strong>wem</strong></span> <span class='ocrx_word' id='word_1_107' title='bbox 220 1417 245 1483; x_wconf 74' lang='lat' dir='ltr'><strong>at</strong></span> <span class='ocrx_word' id='word_1_108' title='bbox 253 1421 410 1468; x_wconf 70' lang='lat' dir='ltr'><strong>assumentes</strong></span> <span class='ocrx_word' id='word_1_109' title='bbox 418 1409 593 1481; x_wconf 75' lang='lat' dir='ltr'><strong>rapaars&#39;aat,</strong></span> <span class='ocrx_word' id='word_1_110' title='bbox 605 1423 633 1468; x_wconf 85' lang='lat' dir='ltr'><strong>ct</strong></span> <span class='ocrx_word' id='word_1_111' title='bbox 648 1414 704 1472; x_wconf 82' lang='lat' dir='ltr'><strong>loti</strong></span> <span class='ocrx_word' id='word_1_112' title='bbox 717 1421 806 1472; x_wconf 82' lang='lat' dir='ltr'><strong>einum</strong></span> <span class='ocrx_word' id='word_1_113' title='bbox 819 1419 868 1482; x_wconf 51' lang='lat' dir='ltr'><strong>ad*</strong></span> 
     </span>
     <span class='ocr_line' id='line_1_17' title="bbox 163 1494 828 1557; baseline -0.015 -14"><span class='ocrx_word' id='word_1_114' title='bbox 163 1494 350 1557; x_wconf 30' lang='lat' dir='ltr'><strong>,ministratam</strong></span> <span class='ocrx_word' id='word_1_115' title='bbox 825 1501 828 1508; x_wconf 92' lang='lat'>·</span> 
     </span>
     <span class='ocr_line' id='line_1_18' title="bbox 122 1562 548 1635; baseline -0.007 -14"><span class='ocrx_word' id='word_1_116' title='bbox 122 1575 229 1635; x_wconf 84' lang='lat' dir='ltr'><strong>propter</strong></span> <span class='ocrx_word' id='word_1_117' title='bbox 236 1582 311 1619; x_wconf 80' lang='lat' dir='ltr'><strong>auam</strong></span> <span class='ocrx_word' id='word_1_118' title='bbox 318 1562 548 1633; x_wconf 67' lang='lat' dir='ltr'><strong>palchritudinem</strong></span> 
     </span>
    </p>
   </div>
   <div class='ocr_carea' id='block_1_5' title="bbox 63 1654 916 2405">
    <p class='ocr_par' dir='ltr' id='par_1_5' title="bbox 63 1654 916 2405">
     <span class='ocr_line' id='line_1_19' title="bbox 65 1654 868 1728; baseline -0.001 -12"><span class='ocrx_word' id='word_1_119' title='bbox 65 1662 171 1716; x_wconf 90' lang='lat' dir='ltr'><strong>Verum</strong></span> <span class='ocrx_word' id='word_1_120' title='bbox 181 1658 255 1713; x_wconf 86' lang='lat' dir='ltr'><strong>anim</strong></span> <span class='ocrx_word' id='word_1_121' title='bbox 264 1673 330 1713; x_wconf 79' lang='lat' dir='ltr'><strong>vero</strong></span> <span class='ocrx_word' id='word_1_122' title='bbox 340 1656 365 1710; x_wconf 90' lang='lat' dir='ltr'><strong>si</strong></span> <span class='ocrx_word' id='word_1_123' title='bbox 376 1656 441 1728; x_wconf 90' lang='lat' dir='ltr'><strong>quis</strong></span> <span class='ocrx_word' id='word_1_124' title='bbox 450 1672 532 1719; x_wconf 85' lang='lat' dir='ltr'><strong>suum</strong></span> <span class='ocrx_word' id='word_1_125' title='bbox 543 1654 718 1721; x_wconf 84' lang='lat' dir='ltr'><strong>daemonem,</strong></span> <span class='ocrx_word' id='word_1_126' title='bbox 736 1655 868 1717; x_wconf 80' lang='lat' dir='ltr'><strong>videlicet</strong></span> 
     </span>
     <span class='ocr_line' id='line_1_20' title="bbox 64 1731 867 1805; baseline -0.004 -14"><span class='ocrx_word' id='word_1_127' title='bbox 64 1741 189 1791; x_wconf 87' lang='lat' dir='ltr'><strong>mentem</strong></span> <span class='ocrx_word' id='word_1_128' title='bbox 205 1750 299 1795; x_wconf 86' lang='lat' dir='ltr'><strong>auam,</strong></span> <span class='ocrx_word' id='word_1_129' title='bbox 324 1731 468 1803; x_wconf 83' lang='lat' dir='ltr'><strong>plurimis,</strong></span> <span class='ocrx_word' id='word_1_130' title='bbox 492 1748 547 1805; x_wconf 80' lang='lat' dir='ltr'><strong>non</strong></span> <span class='ocrx_word' id='word_1_131' title='bbox 562 1733 673 1803; x_wconf 85' lang='lat' dir='ltr'><strong>paucis,</strong></span> <span class='ocrx_word' id='word_1_132' title='bbox 699 1732 818 1788; x_wconf 86' lang='lat' dir='ltr'><strong>dominis</strong></span> <span class='ocrx_word' id='word_1_133' title='bbox 838 1734 867 1788; x_wconf 90' lang='lat' dir='ltr'><strong>in</strong></span> 
     </span>
     <span class='ocr_line' id='line_1_21' title="bbox 64 1806 916 1881; baseline -0.006 -15"><span class='ocrx_word' id='word_1_134' title='bbox 64 1809 230 1867; x_wconf 85' lang='lat' dir='ltr'><strong>servitutem</strong></span> <span class='ocrx_word' id='word_1_135' title='bbox 240 1806 360 1871; x_wconf 82' lang='lat' dir='ltr'><strong>dederit,</strong></span> <span class='ocrx_word' id='word_1_136' title='bbox 377 1807 476 1870; x_wconf 85' lang='lat' dir='ltr'><strong>amori,</strong></span> <span class='ocrx_word' id='word_1_137' title='bbox 492 1806 652 1878; x_wconf 79' lang='lat' dir='ltr'><strong>cupiditati,</strong></span> <span class='ocrx_word' id='word_1_138' title='bbox 668 1809 816 1881; x_wconf 85' lang='lat' dir='ltr'><strong>voluptati,</strong></span> <span class='ocrx_word' id='word_1_139' title='bbox 831 1809 868 1863; x_wconf 88' lang='lat' dir='ltr'><strong>ti·</strong></span> <span class='ocrx_word' id='word_1_140' title='bbox 909 1841 916 1849; x_wconf 73' lang='lat'><em>,</em></span> 
     </span>
     <span class='ocr_line' id='line_1_22' title="bbox 64 1881 867 1957; baseline -0.005 -15"><span class='ocrx_word' id='word_1_141' title='bbox 64 1885 153 1948; x_wconf 90' lang='lat' dir='ltr'><strong>mori,</strong></span> <span class='ocrx_word' id='word_1_142' title='bbox 170 1884 300 1957; x_wconf 84' lang='lat' dir='ltr'><strong>moerori,</strong></span> <span class='ocrx_word' id='word_1_143' title='bbox 317 1882 420 1938; x_wconf 86' lang='lat' dir='ltr'><strong>liberae</strong></span> <span class='ocrx_word' id='word_1_144' title='bbox 435 1881 562 1946; x_wconf 85' lang='lat' dir='ltr'><strong>libidini,</strong></span> <span class='ocrx_word' id='word_1_145' title='bbox 579 1882 733 1949; x_wconf 83' lang='lat' dir='ltr'><strong>formidini,</strong></span> <span class='ocrx_word' id='word_1_146' title='bbox 756 1884 867 1949; x_wconf 85' lang='lat' dir='ltr'><strong>iniusti-</strong></span> 
     </span>
     <span class='ocr_line' id='line_1_23' title="bbox 64 1956 867 2030; baseline -0.005 -13"><span class='ocrx_word' id='word_1_147' title='bbox 64 1963 138 2024; x_wconf 88' lang='lat' dir='ltr'><strong>tiae,</strong></span> <span class='ocrx_word' id='word_1_148' title='bbox 150 1975 300 2030; x_wconf 88' lang='lat' dir='ltr'><strong>numquam</strong></span> <span class='ocrx_word' id='word_1_149' title='bbox 310 1956 488 2028; x_wconf 78' lang='lat' dir='ltr'><strong>poteritlelix</strong></span> <span class='ocrx_word' id='word_1_150' title='bbox 498 1974 572 2013; x_wconf 86' lang='lat' dir='ltr'><strong>esse:</strong></span> <span class='ocrx_word' id='word_1_151' title='bbox 585 1959 636 2016; x_wconf 79' lang='lat' dir='ltr'><strong>atsi</strong></span> <span class='ocrx_word' id='word_1_152' title='bbox 647 1959 726 2025; x_wconf 84' lang='lat' dir='ltr'><strong>multi</strong></span> <span class='ocrx_word' id='word_1_153' title='bbox 737 1959 867 2013; x_wconf 88' lang='lat' dir='ltr'><strong>aberran-</strong></span> 
     </span>
     <span class='ocr_line' id='line_1_24' title="bbox 63 2032 868 2105; baseline -0.005 -14"><span class='ocrx_word' id='word_1_154' title='bbox 63 2047 110 2096; x_wconf 83' lang='lat' dir='ltr'><strong>tes</strong></span> <span class='ocrx_word' id='word_1_155' title='bbox 125 2051 141 2088; x_wconf 90' lang='lat' dir='ltr'><strong>a</strong></span> <span class='ocrx_word' id='word_1_156' title='bbox 154 2034 269 2104; x_wconf 73' lang='lat' dir='ltr'><strong>¹tentate</strong></span> <span class='ocrx_word' id='word_1_157' title='bbox 283 2034 322 2087; x_wconf 89' lang='lat' dir='ltr'><strong>ita</strong></span> <span class='ocrx_word' id='word_1_158' title='bbox 335 2032 460 2095; x_wconf 85' lang='lat' dir='ltr'><strong>credant,</strong></span> <span class='ocrx_word' id='word_1_159' title='bbox 481 2032 562 2103; x_wconf 86' lang='lat' dir='ltr'><strong>quasi</strong></span> <span class='ocrx_word' id='word_1_160' title='bbox 576 2032 647 2089; x_wconf 89' lang='lat' dir='ltr'><strong>dono</strong></span> <span class='ocrx_word' id='word_1_161' title='bbox 661 2035 781 2105; x_wconf 88' lang='lat' dir='ltr'><strong>corrupti</strong></span> <span class='ocrx_word' id='word_1_162' title='bbox 793 2051 807 2088; x_wconf 92' lang='lat' dir='ltr'><strong>a</strong></span> <span class='ocrx_word' id='word_1_163' title='bbox 818 2050 868 2105; x_wconf 84' lang='lat' dir='ltr'><strong>ge-</strong></span> 
     </span>
     <span class='ocr_line' id='line_1_25' title="bbox 65 2105 867 2180; baseline -0.006 -14"><span class='ocrx_word' id='word_1_164' title='bbox 65 2110 155 2167; x_wconf 84' lang='lat' dir='ltr'><strong>minis</strong></span> <span class='ocrx_word' id='word_1_165' title='bbox 168 2109 249 2163; x_wconf 88' lang='lat' dir='ltr'><strong>malis</strong></span> <span class='ocrx_word' id='word_1_166' title='bbox 264 2108 337 2170; x_wconf 89' lang='lat' dir='ltr'><strong>illis,</strong></span> <span class='ocrx_word' id='word_1_167' title='bbox 363 2105 435 2169; x_wconf 82' lang='lat' dir='ltr'><strong>laetu</strong></span> <span class='ocrx_word' id='word_1_168' title='bbox 454 2114 480 2160; x_wconf 86' lang='lat' dir='ltr'><strong>et</strong></span> <span class='ocrx_word' id='word_1_169' title='bbox 498 2107 574 2163; x_wconf 88' lang='lat' dir='ltr'><strong>inani</strong></span> <span class='ocrx_word' id='word_1_170' title='bbox 594 2109 781 2164; x_wconf 87' lang='lat' dir='ltr'><strong>aestimatione</strong></span> <span class='ocrx_word' id='word_1_171' title='bbox 797 2106 867 2180; x_wconf 85' lang='lat' dir='ltr'><strong>(sive</strong></span> 
     </span>
     <span class='ocr_line' id='line_1_26' title="bbox 64 2182 868 2257; baseline -0.006 -16"><span class='ocrx_word' id='word_1_172' title='bbox 64 2183 260 2257; x_wconf 79' lang='lat' dir='ltr'><strong>vanegloria),</strong></span> <span class='ocrx_word' id='word_1_173' title='bbox 282 2182 373 2240; x_wconf 81' lang='lat' dir='ltr'><strong>saevis</strong></span> <span class='ocrx_word' id='word_1_174' title='bbox 387 2182 449 2235; x_wconf 86' lang='lat' dir='ltr'><strong>istis</strong></span> <span class='ocrx_word' id='word_1_175' title='bbox 462 2182 539 2236; x_wconf 89' lang='lat' dir='ltr'><strong>vitiis</strong></span> <span class='ocrx_word' id='word_1_176' title='bbox 550 2182 722 2239; x_wconf 88' lang='lat' dir='ltr'><strong>irritantibus</strong></span> <span class='ocrx_word' id='word_1_177' title='bbox 731 2182 868 2251; x_wconf 76' lang='lat' dir='ltr'><strong>seducen-</strong></span> 
     </span>
     <span class='ocr_line' id='line_1_27' title="bbox 64 2255 867 2330; baseline -0.007 -15"><span class='ocrx_word' id='word_1_178' title='bbox 64 2262 199 2330; x_wconf 86' lang='lat' dir='ltr'><strong>tibusque</strong></span> <span class='ocrx_word' id='word_1_179' title='bbox 209 2257 521 2323; x_wconf 64' lang='lat' dir='ltr'><strong>inconstantes‚auimoa;</strong></span> <span class='ocrx_word' id='word_1_180' title='bbox 538 2255 572 2309; x_wconf 91' lang='lat' dir='ltr'><strong>de</strong></span> <span class='ocrx_word' id='word_1_181' title='bbox 582 2256 685 2327; x_wconf 86' lang='lat' dir='ltr'><strong>quibus</strong></span> <span class='ocrx_word' id='word_1_182' title='bbox 695 2256 778 2311; x_wconf 87' lang='lat' dir='ltr'><strong>rebus</strong></span> <span class='ocrx_word' id='word_1_183' title='bbox 788 2256 867 2310; x_wconf 90' lang='lat' dir='ltr'><strong>solli-</strong></span> 
     </span>
     <span class='ocr_line' id='line_1_28' title="bbox 65 2330 619 2405; baseline -0.014 -13"><span class='ocrx_word' id='word_1_184' title='bbox 65 2338 122 2402; x_wconf 80' lang='lat' dir='ltr'><strong>cita</strong></span> <span class='ocrx_word' id='word_1_185' title='bbox 133 2343 175 2391; x_wconf 83' lang='lat' dir='ltr'><strong>est</strong></span> <span class='ocrx_word' id='word_1_186' title='bbox 184 2340 216 2388; x_wconf 90' lang='lat' dir='ltr'><strong>ut</strong></span> <span class='ocrx_word' id='word_1_187' title='bbox 225 2332 377 2405; x_wconf 91' lang='lat' dir='ltr'><strong>plurimum</strong></span> <span class='ocrx_word' id='word_1_188' title='bbox 387 2347 455 2404; x_wconf 81' lang='lat' dir='ltr'><strong>gens</strong></span> <span class='ocrx_word' id='word_1_189' title='bbox 465 2330 619 2395; x_wconf 66' lang='lat' dir='ltr'><strong>hominum,</strong></span> 
     </span>
    </p>
   </div>
   <div class='ocr_carea' id='block_1_6' title="bbox 130 2396 875 2496">
    <p class='ocr_par' dir='ltr' id='par_1_6' title="bbox 130 2396 875 2496">
     <span class='ocr_line' id='line_1_29' title="bbox 130 2396 875 2496; baseline -0.008 -15"><span class='ocrx_word' id='word_1_190' title='bbox 130 2428 170 2481; x_wconf 88' lang='lat' dir='ltr'><strong>l&#39;l.</strong></span> <span class='ocrx_word' id='word_1_191' title='bbox 182 2423 261 2492; x_wconf 88' lang='lat' dir='ltr'><strong>Quod</strong></span> <span class='ocrx_word' id='word_1_192' title='bbox 271 2424 295 2477; x_wconf 91' lang='lat' dir='ltr'><strong>si</strong></span> <span class='ocrx_word' id='word_1_193' title='bbox 305 2424 400 2479; x_wconf 89' lang='lat' dir='ltr'><strong>oculos</strong></span> <span class='ocrx_word' id='word_1_194' title='bbox 410 2424 495 2479; x_wconf 90' lang='lat' dir='ltr'><strong>animi</strong></span> <span class='ocrx_word' id='word_1_195' title='bbox 505 2422 586 2494; x_wconf 88' lang='lat' dir='ltr'><strong>quasi</strong></span> <span class='ocrx_word' id='word_1_196' title='bbox 598 2404 723 2494; x_wconf 81' lang='lat' dir='ltr'><strong>aperiens</strong></span> <span class='ocrx_word' id='word_1_197' title='bbox 729 2420 757 2494; x_wconf 82' lang='lat'><strong>†)</strong></span> <span class='ocrx_word' id='word_1_198' title='bbox 769 2418 805 2496; x_wconf 86' lang='lat'><strong>[*]</strong></span> <span class='ocrx_word' id='word_1_199' title='bbox 819 2396 875 2477; x_wconf 30' lang='lat' dir='ltr'><strong>tte-¹</strong></span> 
     </span>
    </p>
   </div>
   <div class='ocr_carea' id='block_1_7' title="bbox 65 2564 867 2767">
    <p class='ocr_par' dir='ltr' id='par_1_7' title="bbox 65 2564 867 2767">
     <span class='ocr_line' id='line_1_30' title="bbox 118 2564 815 2659; baseline -0.007 0"><span class='ocrx_word' id='word_1_200' title='bbox 118 2568 203 2659; x_wconf 58' lang='grc'><strong>’1116111</strong></span> <span class='ocrx_word' id='word_1_201' title='bbox 216 2564 475 2657; x_wconf 43' lang='lat' dir='ltr'><strong>granpppetmpuppw</strong></span> <span class='ocrx_word' id='word_1_202' title='bbox 489 2614 607 2653; x_wconf 58' lang='lat' dir='ltr'><strong>&amp;aeonion</strong></span> <span class='ocrx_word' id='word_1_203' title='bbox 623 2613 709 2653; x_wconf 71' lang='lat' dir='ltr'><strong>mesae.</strong></span> <span class='ocrx_word' id='word_1_204' title='bbox 734 2612 815 2654; x_wconf 81' lang='lat' dir='ltr'><strong>Anch.</strong></span> 
     </span>
     <span class='ocr_line' id='line_1_31' title="bbox 117 2663 867 2718; baseline -0.005 -11"><span class='ocrx_word' id='word_1_205' title='bbox 117 2672 139 2718; x_wconf 64' lang='lat' dir='ltr'><strong>f&gt;</strong></span> <span class='ocrx_word' id='word_1_206' title='bbox 160 2668 234 2707; x_wconf 81' lang='lat' dir='ltr'><strong>Lectio</strong></span> <span class='ocrx_word' id='word_1_207' title='bbox 252 2667 341 2706; x_wconf 79' lang='lat' dir='ltr'><strong>confusa</strong></span> <span class='ocrx_word' id='word_1_208' title='bbox 357 2670 413 2715; x_wconf 88' lang='lat' dir='ltr'><strong>erat,</strong></span> <span class='ocrx_word' id='word_1_209' title='bbox 436 2666 536 2714; x_wconf 81' lang='lat' dir='ltr'><strong>quomam</strong></span> <span class='ocrx_word' id='word_1_210' title='bbox 553 2666 656 2713; x_wconf 78' lang='lat' dir='ltr'><strong>intarqrras</strong></span> <span class='ocrx_word' id='word_1_211' title='bbox 673 2663 733 2703; x_wconf 77' lang='lat' dir='ltr'><strong>Arm.</strong></span> <span class='ocrx_word' id='word_1_212' title='bbox 747 2663 867 2712; x_wconf 72' lang='lat' dir='ltr'><strong>uagabatur</strong></span> 
     </span>
     <span class='ocr_line' id='line_1_32' title="bbox 65 2712 866 2767; baseline -0.011 -5"><span class='ocrx_word' id='word_1_213' title='bbox 65 2723 104 2762; x_wconf 84' lang='lat' dir='ltr'><strong>Gr.</strong></span> <span class='ocrx_word' id='word_1_214' title='bbox 124 2717 193 2765; x_wconf 74' lang='grc' dir='ltr'><strong><em>τινὰς,</em></strong></span> <span class='ocrx_word' id='word_1_215' title='bbox 221 2720 332 2767; x_wconf 74' lang='lat' dir='ltr'><strong>quosdam,</strong></span> <span class='ocrx_word' id='word_1_216' title='bbox 359 2716 396 2756; x_wconf 84' lang='lat' dir='ltr'><strong>nbi</strong></span> <span class='ocrx_word' id='word_1_217' title='bbox 416 2715 452 2757; x_wconf 76' lang='lat' dir='ltr'><strong>Gr.</strong></span> <span class='ocrx_word' id='word_1_218' title='bbox 474 2716 592 2755; x_wconf 68' lang='lat' dir='ltr'><strong>communi!</strong></span> <span class='ocrx_word' id='word_1_219' title='bbox 612 2714 677 2755; x_wconf 75' lang='lat' dir='ltr'><strong>habel</strong></span> <span class='ocrx_word' id='word_1_220' title='bbox 696 2714 772 2759; x_wconf 81' lang='lat' dir='ltr'><strong>mellus</strong></span> <span class='ocrx_word' id='word_1_221' title='bbox 793 2712 866 2761; x_wconf 72' lang='grc' dir='ltr'><strong><em>πίνας,</em></strong></span> 
     </span>
    </p>
   </div>
   <div class='ocr_carea' id='block_1_8' title="bbox 64 2768 272 2829">
    <p class='ocr_par' dir='ltr' id='par_1_8' title="bbox 64 2768 272 2829">
     <span class='ocr_line' id='line_1_33' title="bbox 64 2768 272 2829; baseline -0.029 -16"><span class='ocrx_word' id='word_1_222' title='bbox 64 2774 158 2814; x_wconf 74' lang='lat' dir='ltr'><strong>tandm.</strong></span> <span class='ocrx_word' id='word_1_223' title='bbox 184 2768 272 2829; x_wconf 29' lang='lat' dir='ltr'><strong>dach..</strong></span> 
     </span>
    </p>
   </div>
   <div class='ocr_carea' id='block_1_9' title="bbox 0 0 1035 3100">
    <p class='ocr_par' dir='ltr' id='par_1_9' title="bbox 0 0 1035 3100">
     <span class='ocr_line' id='line_1_34' title="bbox 0 0 1035 3100; baseline 0 0"><span class='ocrx_word' id='word_1_224' title='bbox 0 0 1035 3100; x_wconf 95' lang='lat' dir='ltr'><strong> </strong></span> 
     </span>
    </p>
   </div>
  </div>
 </body>
</html>
