2050 3100
72 290 184 359 [nam]
247 295 289 342 ru
309 292 490 342 amussim.
511 294 639 343 seruo
660 295 704 346 1v.
828 292 879 345 235

72 397 139 469 plus
152 396 239 467 quam
252 396 356 451 bouum
371 396 507 468 praeierat
521 394 610 463 huno,
632 398 682 453 aad
695 399 762 470 quia
776 400 829 454 soit
844 398 881 453 il-

74 473 134 527 ium
148 486 200 543 per
213 486 243 527 sa
257 471 349 526 solum
361 484 445 543 posse
459 480 532 529 rorte
546 488 605 528 ram
618 472 763 545 perficere3
795 475 880 528 istum

74 562 141 601 vero
157 554 190 601 ut
212 564 227 600 a
250 547 314 601 auis
333 547 459 602 moribus
482 548 625 603 detentum
646 548 878 621 impeditumque,

74 638 155 692 spem
165 620 264 676 salutis
275 621 377 677 habere
387 621 417 676 in
426 621 485 677 sola
494 624 581 694 patris
594 624 729 679 oratioue:
756 638 841 695 quam
855 626 880 678 si

74 712 129 750 non
141 703 318 766 assequatur,
340 698 545 767 praeomnibus
556 698 711 753 misouerit.
751 698 794 753 Ad
804 716 882 754 men-

73 778 131 825 tem
142 786 209 825 vero
218 769 291 826 illud
304 770 455 827 dicendum
468 779 523 827 est:
555 771 690 829 Admouet
705 790 769 829 eum
783 774 882 845 impri-

74 846 129 899 mis
140 862 195 899 non
206 845 308 900 animal
318 845 432 901 brutum
442 846 552 911 venari,
567 845 617 902 sed
627 846 714 903 feram
724 866 760 903 ex
769 848 882 903 habitu-

74 918 143 974 dine
157 919 271 984 iactam,
291 920 446 975 secundum
462 920 539 992 quod
553 931 674 993 agrestes
684 922 796 979 affectus
806 924 883 978 desi-

74 993 168 1059 derat,
185 1002 294 1067 utpote,
311 996 385 1050 sicut
395 994 481 1050 ieram
492 995 670 1061 indomitam,
690 1015 762 1070 quae
777 1016 831 1054 nou
841 999 882 1053 oi-

74 1078 203 1132 ouramr,
226 1068 351 1125 vindicta
370 1079 483 1142 aooapta
500 1068 609 1127 oooidat
627 1088 698 1126 eam.
742 1072 880 1137 Secundo,

73 1143 167 1217 quod,
187 1144 300 1215 quando
314 1146 376 1200 aius
389 1158 503 1217 pompos
517 1145 548 1201 fit
561 1154 608 1201 aut
622 1147 688 1210 erit,
712 1160 767 1201 non
781 1156 812 1201 ut
827 1147 882 1202 ribi

73 1219 212 1292 placitum
227 1218 322 1285 iaciat,
344 1220 394 1275 sed
409 1222 483 1276 siout
496 1222 583 1293 patri:
613 1221 670 1276 eibi
686 1229 776 1275 autem
787 1234 883 1275 omues

73 1295 138 1350 viro
156 1294 229 1350 bono
245 1296 345 1367 optimi
359 1303 425 1351 sunt
438 1308 489 1368 per
502 1295 709 1368 intelligibilia,
731 1302 813 1365 atqua
827 1302 883 1349 tam

73 1370 176 1434 verbu,
189 1382 274 1441 quam
285 1370 356 1426 iuota
367 1384 510 1445 generosa.
551 1370 582 1426 Si
593 1372 696 1441 itaque,
709 1370 757 1433 ait,
769 1370 810 1423 sio
820 1370 881 1434 erit,

74 1453 105 1499 et
116 1445 266 1500 venaberia
279 1440 418 1503 hiantium
428 1446 636 1517 mimorumque
646 1444 793 1500 affectuum
805 1457 884 1518 agre-

74 1521 164 1576 stium
177 1519 390 1594 dispositionem
404 1530 433 1578 at
445 1521 519 1578 siout
535 1521 631 1577 eibum
651 1519 794 1578 duloifioea
813 1520 884 1576 mihi

76 1786 135 1826 nou
149 1769 340 1841 anteponendo
354 1770 482 1836 alterius,
502 1770 554 1826 sed
562 1772 612 1842 qui
623 1771 700 1827 novit
710 1772 792 1827 illurn
801 1773 884 1827 etiam

76 1859 130 1918 per
139 1853 227 1900 semet
236 1844 440 1902 benedictionis
452 1846 585 1919 dignum:
613 1861 731 1918 pra-rum
745 1861 811 1902 vero
825 1848 885 1902 suis

77 1920 206 1976 moribus
223 1920 429 1992 prohibendum
446 1935 497 1994 pro
516 1935 570 1976 una
588 1928 695 1976 tantum
714 1937 764 1994 spe
786 1922 885 1977 salutis

77 1995 192 2051 oracula
209 1995 482 2068 patrisirobantem,
510 2009 583 2068 quae
606 1997 661 2052 nisi
684 1998 883 2070 impetraverit,

77 2071 206 2125 omnium
224 2069 294 2126 foret
311 2069 534 2126 infelicissimus.
574 2070 672 2127 Altiori
687 2082 782 2142 ,autem
802 2088 885 2127 sensu

78 2145 203 2200 dicetur:
230 2145 356 2200 Primum
369 2146 414 2201 illi
428 2146 476 2200 det
488 2144 581 2218 (marp.
596 2147 645 2201 iila
659 2147 746 2221 vadit)
760 2164 815 2204 non
825 2147 886 2202 ani-

78 2219 165 2275 malia
180 2237 293 2292 capere,
314 2219 364 2275 sed
378 2238 479 2276 venare
492 2221 613 2293 pessima
624 2229 651 2277 et
662 2219 833 2278 ferocissima
842 2222 887 2277 vi-

78 2295 133 2359 tia,
148 2295 192 2349 uti
205 2312 281 2350 more
295 2294 492 2350 immanissimi
502 2295 645 2360 animalis,
661 2297 812 2353 ulciscatur
823 2296 886 2351 illas

78 2378 107 2426 et
117 2370 248 2441 perimat.
288 2368 430 2434 Secundo,
450 2378 482 2424 ut
495 2370 655 2443 praevalere
669 2373 770 2444 possit,
791 2389 846 2428 non
856 2379 888 2426 ut

78 2445 183 2499 aimus
197 2452 253 2509 est,
274 2444 324 2500 sed
336 2453 368 2500 ut
380 2451 486 2518 patrem
501 2443 579 2500 libet.
618 2446 715 2502 Omnis
729 2447 805 2501 enim
825 2463 887 2500 esea

76 2519 213 2592 prodenti
222 2520 327 2592 optime
336 2535 387 2593 per
395 2521 554 2576 intellectus
563 2528 590 2576 at
599 2536 740 2577 sermones
753 2521 829 2575 stetit
842 2537 888 2574 ra-

77 2609 150 2649 nuas
169 2592 264 2667 (marp-
285 2603 313 2651 at
328 2595 467 2669 strenuas)
483 2611 593 2667 operas.
633 2594 663 2651 Si
683 2611 748 2667 ergo
766 2596 888 2664 eoeperit

77 2671 268 2741 pessimorum
285 2671 418 2726 vitiorum
437 2672 613 2743 uoraginem,
642 2678 669 2724 et
686 2683 737 2740 pro
756 2683 819 2722 esca
836 2682 888 2722 sua

78 2744 286 2799 suavitarmihi
296 2744 399 2800 eondm
411 2754 439 2801 ot
451 2743 550 2800 offeras
564 2744 720 2800 amabiliter
734 2741 818 2804 mihi,
839 2741 889 2794 da-

78 2818 263 2875 monstrando
270 2820 352 2876 istam
360 2828 436 2876 tuam
446 2836 572 2892 operam,
591 2817 700 2872 reficiar
712 2815 827 2886 quidem
838 2831 888 2886 ego
