2050 3100
68 175 156 243 sum]
212 186 256 229 ΙΝ
278 183 458 229 GENESlN.
482 184 611 229 SERMO
630 183 674 228 ΙΙΙ.
817 175 850 228 53

66 299 104 351 qna
116 285 260 357 peragitur
274 292 335 339 tum
353 283 484 339 delectari
501 284 533 339 in
551 283 765 356 cupiditatibus,
791 291 851 339 tum

64 357 136 416 delere
147 359 271 454 affiffl'

65 512 128 570 (itm
157 516 189 566 da
219 516 321 581 insama
351 513 439 593 decidit
462 513 601 566 sententiam
626 516 718 579 merua,
758 515 852 564 daona.-

111 582 853 712 immunitatisque}

111 652 346 783 &asemper
359 717 440 766 anima
452 716 495 767 itta
507 714 538 766 de
550 667 726 782 pelitrerzpeuc‘d
737 719 790 782 (17,
799 718 852 776 14.)

101 821 140 876 52.
172 821 214 876 De
238 819 323 876 nullo
345 819 532 875 involuntario
555 835 634 876 reum
657 819 778 875 declarat
796 819 851 880 lex,

61 907 132 961 quum
140 903 167 951 et
175 895 239 961 illi,
260 895 313 967 qui
322 893 537 949 involuntariam
549 891 586 968 [*]
598 894 797 967 perpetraverit
806 909 855 948 oc-

60 967 191 1035 cisionem,
223 969 342 1027 veniam
361 968 439 1034 lacit,
460 969 622 1025 civitatibus
641 968 796 1034 distinctis,
824 969 854 1023 in

60 1056 115 1111 ques
128 1043 221 1118 fngiat
240 1043 280 1100 ad
296 1043 494 1101 inveniendam
511 1045 700 1112 securitatem3
732 1050 854 1098 sacratus

61 1117 122 1172 enim
139 1129 224 1192 atque
243 1119 382 1175 immunis
399 1118 539 1185 redditur,
565 1119 614 1190 qui
633 1119 702 1173 illuc
720 1117 853 1189 profugit,

59 1191 122 1247 unde
134 1212 217 1251 nemo
232 1195 395 1261 facultatem
409 1195 492 1250 habet
506 1193 646 1249 educendi
655 1192 816 1262 ditandique
825 1191 856 1244 in

59 1266 169 1325 tribunal
182 1269 301 1326 iudicii.
340 1268 441 1326 Octavo
453 1271 547 1341 itaque
557 1269 604 1324 die
612 1275 676 1340 post
684 1265 856 1321 nativitatem

59 1356 120 1409 puer
135 1345 160 1399 si
178 1363 236 1401 non
255 1343 484 1409 circumcidetur,
508 1345 578 1417 quid
591 1345 653 1416 ipse
666 1341 807 1415 peccabit,
826 1347 858 1394 ut

60 1430 164 1483 poenam
173 1420 277 1477 mortis
287 1435 398 1491 quoque
409 1419 485 1476 luere
493 1416 638 1476 teneatur?
664 1418 790 1474 Dixerint
803 1417 857 1471 ita-

62 1504 111 1559 que
126 1493 226 1568 aliqui,
252 1494 371 1553 termam
388 1494 472 1552 edicti
488 1513 609 1553 annuere
622 1502 749 1569 parentas
764 1494 853 1565 ips0s;

62 1564 118 1623 illes
127 1572 200 1625 enim
208 1579 312 1644 putant
326 1569 488 1643 despexisse
502 1571 664 1627 mandatum
677 1570 758 1643 legis.
799 1568 856 1623 Alii

64 1655 133 1697 vere:
155 1646 284 1703 Nimium
293 1663 452 1712 excessum,
465 1647 556 1712 aiunt,
569 1663 706 1717 usurpans
717 1660 801 1717 super
812 1644 858 1696 in-

65 1711 156 1784 fantes,
174 1730 206 1777 ut
220 1720 348 1786 videtur,
367 1722 515 1794 imposuit,
534 1729 565 1778 ut
575 1721 663 1778 adulti
672 1718 857 1775 dissolventes

66 1786 146 1873 legem
154 1795 331 1853 irrevocabili
341 1795 422 1852 modo
431 1796 617 1852 subiicientur
625 1792 857 1869 poenaeseverisr

67 1878 154 1922 almae.
174 1870 279 1928 Littera
286 1871 356 1927 haec
366 1871 445 1927 dicit.
468 1869 730 1934 Admentemvero,
746 1883 858 1923 mascu-

68 1934 229 2021 lueinnobis
239 1947 365 2020 apprime
378 1945 536 2003 intellectus
550 1954 605 2002 est:
635 1945 710 2001 hunc
723 1946 753 1999 in
767 1952 858 1999 octavo

68 2012 136 2071 lubet
151 2018 315 2077 circumcidi
332 2029 444 2093 propter
461 2023 595 2077 rationem
613 2028 691 2077 antea
709 2017 856 2081 redditam,

71 2101 117 2143 mn
125 2096 212 2163 quom
221 2096 305 2152 aliam
314 2104 430 2169 partem,
441 2097 491 2151 sed
501 2113 612 2151 carnem
620 2094 769 2168 praeputii,
781 2109 858 2166 sym·

72 2157 379 2249 belicenotanaeasquae
389 2173 418 2226 in
427 2188 509 2227 cerne
518 2179 613 2243 postea
623 2170 693 2225 fiunt
702 2169 858 2241 voluptates

73 2244 227 2314 ttimpetus,
265 2246 357 2313 Quare
371 2253 398 2301 et
414 2248 548 2303 rationem
567 2246 721 2319 legitimam
738 2243 856 2304 inducit,

75 2322 186 2384 maana,
207 2320 284 2393 quod
297 2320 469 2388 intellectus,
489 2322 540 2393 qui
553 2335 608 2376 non
622 2322 660 2376 sit
676 2318 858 2376 circumcisus

76 2398 283 2467 ‘duratusque
293 2412 329 2452 ex
337 2413 418 2452 carne
428 2398 574 2468 carnisque
584 2396 677 2459 vitiis,
698 2408 859 2463 corrumpa-

77 2464 113 2514 tur
124 2475 148 2520 tt
160 2480 276 2542 nequeat
288 2472 401 2528 salvari.
440 2470 520 2539 Quod
533 2478 623 2527 autem
638 2487 692 2525 non
702 2470 737 2524 de
747 2466 860 2521 homine

79 2543 212 2609 tttscrmo,
231 2546 281 2602 scd
290 2546 326 2603 de
335 2546 478 2603 intellectu
487 2548 633 2603 sanitatem
646 2543 810 2614 recipiente,
829 2538 859 2591 in

79 2630 270 2658 ss...

84 2729 106 2761 m
120 2679 229 2775 'qpehear
247 2690 280 2729 ut
300 2690 369 2739 aaran
390 2688 489 2728 emeras·
508 2688 531 2727 aa
550 2683 695 2738 metanaeas
714 2678 786 2719 actm
803 2675 862 2723 anta
