2050 3100
397 123 404 167 ι

39 198 48 211 ‘
141 196 189 249 lto
386 179 505 249 ritino
523 200 695 249 innuistis
829 190 940 262 [meos]

139 312 199 358 toro
215 319 301 373 equae
316 320 346 357 se
360 320 413 358 non
424 296 593 376 solvente*];
616 300 883 373 quomodooceanus
892 318 943 357 ex·

139 380 226 433 terius
238 385 337 433 terrem
352 380 425 433 muri
438 381 524 433 instar
538 376 745 440 circumcludit,
768 384 853 447 etque
863 393 942 451 agre-

140 462 196 508 stes
211 462 335 517 naturas,
357 470 427 525 quae
443 454 515 509 ultra
528 470 590 508 eom
603 452 727 511 habitare
742 451 889 517 dicuntur,
911 452 943 508 in

140 536 260 582 nostram
270 538 369 584 terram
378 530 495 583 transire
509 529 667 601 prohibuit,
689 528 762 581 cirea
776 535 880 582 terrem
893 544 942 582 nu-

140 612 195 659 tem
206 602 307 667 fluens,
320 621 374 658 non
385 604 414 658 in
424 621 499 659 mare
508 605 643 659 convertit
652 602 768 657 aridam.
803 602 884 669 Quod
893 618 942 657 eu·

139 687 195 733 tem
204 680 328 734 omnium
339 688 380 733 est
389 680 639 743 mirabilissimum,
655 686 774 733 nostram
784 675 943 733 fluctuatio-

141 770 203 809 nem
217 754 350 809 divinitas
366 754 487 819 sedavit,
511 756 662 809 terminum
680 753 864 824 separationis
877 755 942 807 uni-

140 830 241 899 cuique
250 845 391 900 opponens
402 829 560 885 violentiam
571 837 599 884 et
607 827 751 885 moderans
761 829 938 892 immensum¹

140 920 186 959 ore
195 904 278 958 maris
288 903 468 959 concludente
479 912 614 967 atomum,
632 905 739 958 cunctis
755 910 847 957 autem
861 920 941 974 prae-

139 985 246 1049 postere
254 976 290 1052 [*]
298 978 462 1052 vagantibus
473 978 629 1034 firmitatem
638 978 763 1033 stationis
774 977 939 1033 concedens.

139 1054 170 1107 lu
184 1050 297 1107 istorum
311 1054 530 1110 testificationem
544 1054 618 1127 lugi,
637 1054 668 1107 iu
683 1053 782 1108 horum
795 1062 942 1123 spectacu-

141 1129 197 1182 lum
212 1127 362 1202 perductus
377 1128 432 1192 lui¹
447 1138 481 1185 ut
491 1130 543 1185 deo
557 1128 776 1203 reprehendente
790 1126 827 1181 de
839 1144 885 1183 me
896 1146 942 1182 ao-

141 1204 310 1259 cusationem
320 1205 481 1276 reciperem.
1006 1209 1008 1292 l

197 1292 239 1346 tl.
258 1290 377 1362 Fugisti,
389 1306 405 1344 o
415 1288 544 1345 divinum
555 1284 646 1359 cep'ut,
657 1296 688 1343 tu
697 1289 758 1360 ipse
767 1288 941 1343 reviviscens
1007 1311 1009 1394 p

141 1365 266 1438 loquere;
283 1364 380 1439 fugisti
396 1382 410 1419 n
425 1365 490 1419 deo:
507 1380 591 1435 quem
604 1371 696 1417 tamen
706 1365 791 1418 situm
802 1380 817 1417 u
828 1362 881 1418 deo
893 1382 942 1420 ve.-

142 1458 225 1496 cuum
234 1426 396 1496 inventuru's
408 1436 486 1495 eras?
499 1438 774 1511 Nonlegistiinlege:
786 1439 942 1493 Noouema·

140 1518 943 1586 uosmeafuodouitterrcmetdexlercmecutmoousacturom
1009 1515 1011 1575 l

139 1591 503 1660 [ccitcaclum?(l’s.1⁰2‚26.)
520 1589 943 1656 Quodsiextraterramtranstu-

141 1665 221 1720 lisses
231 1673 257 1719 te
268 1674 294 1720 et
304 1665 374 1720 ultra
385 1664 864 1737 caelestemsphaeremtransilisses,
873 1681 942 1718 num

140 1741 223 1795 ctiam
233 1739 266 1811 (s.
278 1739 400 1813 fortasse)
412 1741 446 1795 ab
461 1741 559 1800 horum
573 1740 713 1794 conditore
726 1738 815 1794 celare
825 1747 853 1793 te
862 1748 944 1810 pote-

141 1813 203 1868 ras‘l
222 1812 333 1868 Scilicet
343 1832 393 1868 nec
404 1815 546 1872 homiuum
558 1814 626 1870 fines
636 1822 693 1869 erat
702 1815 753 1869 tibi
762 1815 882 1869 transire
893 1831 944 1868 ne·

140 1905 194 1961 que
210 1888 244 1943 ab
259 1890 350 1942 omnia
363 1885 489 1945 cernente
499 1891 580 1945 oculo
589 1890 682 1961 aliquo
692 1889 837 1962 diffugere.
855 1894 860 1904 '
878 1889 945 1944 Sic-

140 1973 170 2018 ut
184 1981 248 2036 crgo
258 1964 379 2035 optimus
389 1975 502 2020 venator
512 1966 578 2020 artis
587 1966 743 2020 venatoriae
752 1965 873 2036 peritus,
892 1965 944 2018 eb-

140 2041 302 2096 errationcm
317 2040 437 2095 venandi
451 2041 541 2095 iocose
556 2040 635 2114 lingit
644 2049 670 2095 et
679 2040 815 2111 permittit
825 2040 943 2094 animali

140 2115 214 2185 quod
225 2116 319 2170 venari
330 2114 398 2180 vult,
411 2115 515 2188 lugere,
528 2115 659 2170 claudens
670 2122 748 2169 antea
757 2131 854 2169 omnes
864 2130 945 2168 men-

142 2197 184 2243 tus
200 2190 234 2245 ed
250 2189 343 2263 lugam
358 2199 473 2264 postque
491 2207 604 2245 cursum
621 2189 816 2244 circumcludit
834 2191 946 2244 instru-

140 2266 241 2320 mentis
256 2266 426 2320 venandum:
448 2266 577 2320 similiter
591 2265 733 2320 hominum
749 2272 864 2320 venator
877 2274 946 2336 post

140 2340 258 2395 multum
268 2341 351 2395 maris
363 2357 473 2395 cursum
484 2339 636 2395 retroduxit
647 2348 673 2395 et
683 2339 780 2394 eduxit
794 2341 823 2394 in
839 2347 946 2394 terram

140 2413 304 2487 fugitivum,
330 2424 411 2487 atque
429 2416 467 2471 ita
485 2416 675 2470 instrumentis
692 2415 855 2489 prophetiae
875 2432 947 2470 eum

140 2497 316 2544 venatuscst.

93 2561 95 2568 '
196 2566 237 2616 lo.
259 2561 317 2634 (llle
328 2563 654 2635 verorursusfatusest:)
671 2563 833 2618 Noninanis
845 2581 948 2618 cursor

139 2657 384 2672 enm—..ur

190 2699 210 2742 i)
236 2699 321 2746 Anceps
335 2704 478 2746 eistetenses,
501 2703 531 2739 lte
544 2706 624 2743 uttam
637 2704 665 2742 ed
678 2705 756 2744 molem
773 2715 851 2754 equus.
875 2714 947 2752 quem

139 2745 165 2781 ad
179 2749 255 2784 terram
269 2749 343 2786 relsrrl
355 2755 434 2796 posset.
460 2749 540 2790 Auen.

985 2860 992 2887 l
