2050 3100
170 242 255 309 [11,
278 241 398 306 42⁰.]
522 247 605 291 IN
646 246 1001 292 GENESIN.
1043 248 1301 294 SERMO
1338 250 1425 296 IV.
1677 247 1776 301 263

170 348 299 403 lem.
380 345 488 412 Qui
518 347 668 400 enim
698 346 979 401 maledicit
1004 347 1178 418 probo
1213 346 1285 422 [³²¹]
1318 359 1373 404 et
1398 352 1663 421 sapienti,
1712 370 1775 406 eo

166 425 326 494 prius
368 420 480 475 sibi
520 422 630 492 ipsi
662 421 970 488 maledicit3
1032 424 1132 493 qui
1162 441 1292 478 vero
1322 424 1535 490 laudat,
1580 427 1774 481 itidem

167 506 220 553 et
247 514 309 551 se
342 496 532 567 ipsum
561 513 689 550 cum
719 496 818 550 illo
848 495 1054 551 laudat.
1132 498 1379 554 Profecto
1407 516 1646 571 namque
1676 504 1774 572 qui

161 571 295 626 odio
312 571 483 625 habet
504 571 702 634 bonos,
745 572 868 642 ipse
893 571 1122 626 odiosus
1149 582 1257 641 est3
1320 577 1419 646 qui
1451 592 1580 630 vero
1606 586 1769 640 amat,

162 646 320 701 illico
353 653 587 700 amatur.
665 647 786 700 Non
815 647 964 701 enim
984 646 1147 710 dicit,
1178 649 1327 719 quod
1349 650 1579 722 attingat
1602 651 1774 705 male—

161 721 471 775 dictionem
490 719 827 775 maledieens
841 762 856 782 ,
880 729 934 775 et
951 720 1393 779 benedictionem
1412 723 1768 789 benedicens,

161 796 267 854 sed
286 795 440 866 quod
459 812 606 849 unus
627 812 728 866 per
746 812 806 851 se
828 805 914 851 est
931 796 1261 854 maledictus
1274 840 1287 863 ,
1318 800 1454 855 alter
1474 809 1657 856 autem
1678 801 1773 856 iti-

160 871 294 925 dem
316 869 641 955 laudabilis.

165 992 303 1051 Quid
348 1004 416 1043 est
457 1030 491 1057 ‚,
514 991 662 1050 Quum
709 1012 921 1058 eyressus
966 1005 1034 1043 est
1070 995 1220 1043 Iacob
1262 1013 1294 1043 a
1314 998 1455 1060 facie
1482 1000 1642 1062 patris
1676 1001 1765 1061 sui,

471 1061 598 1111 venit
632 1061 772 1110 Esau
795 1064 963 1127 frater
997 1062 1173 1111 eius“?
1219 1065 1325 1126 (27,
1358 1065 1466 1128 30.)

276 1166 400 1220 220.
443 1163 685 1218 Dubium
703 1164 922 1219 nullum
941 1181 1073 1236 prae
1092 1181 1151 1218 se
1183 1163 1286 1219 fert
1315 1165 1520 1229 littera,
1561 1176 1623 1221 ut
1650 1168 1771 1222 val·

155 1239 234 1293 de
254 1237 552 1293 manifesta
580 1256 680 1310 per
705 1239 1021 1312 symbolum
1050 1248 1104 1294 et
1134 1241 1553 1312 congruitatem.
1633 1242 1769 1295 Nam

155 1331 389 1385 egresso
429 1312 572 1367 foras
611 1329 722 1368 uno
759 1315 1136 1386 oppositorum
1167 1315 1398 1369 alterum
1429 1313 1764 1387 ingreditur:

157 1387 412 1458 exempli
441 1388 646 1460 gratia,
689 1397 923 1443 exeunte
952 1397 1275 1461 paupertate
1303 1389 1391 1443 vel
1423 1388 1769 1462 ignobilitate

156 1480 298 1534 opes
337 1460 682 1533 honoresque
722 1463 1053 1530 succedunt,
1091 1472 1177 1518 -et
1206 1463 1397 1518 morbo
1425 1463 1771 1519 infirmitate-

158 1705 320 1758 enim
350 1702 680 1774 prudentem
719 1713 893 1759 semet
931 1714 1217 1760 antecessu
1257 1706 1493 1772 sauciat,
1555 1716 1610 1762 et
1648 1707 1769 1762 lau·

158 1776 351 1832 dando
391 1779 641 1850 seipsum
681 1779 992 1833 conlaudat.
1091 1782 1296 1835 Revera
1339 1783 1487 1835 enim
1527 1782 1649 1837 laus
1688 1793 1769 1837 est

156 1853 471 1917 benivolis,
515 1852 665 1924 quod
687 1855 756 1907 ab
776 1854 984 1908 odiosis
1001 1854 1291 1923 odiuntur;
1334 1858 1501 1928 etqui
1525 1856 1769 1930 diligunt

157 1929 374 1982 iustum
391 1969 403 1991 ,
434 1944 654 1998 semper
674 1927 1004 2001 diliguntur.
1062 1931 1140 1985 Ita
1160 1947 1267 1984 non
1290 1930 1459 1995 dixit,
1484 1932 1634 2002 quod
1653 1949 1769 1985 me-

159 2010 316 2057 retur
342 2002 700 2057 maledictum
731 2003 1140 2069 maledicendO,
1181 2014 1234 2060 et
1264 2005 1642 2061 benedicendo
1671 2005 1769 2058 be-

158 2076 565 2141 nedictionem,
610 2078 708 2132 sed
737 2078 886 2149 quod
915 2080 962 2131 is
991 2080 1159 2134 semel
1189 2080 1517 2137 maledictus
1548 2088 1656 2143 est,
1707 2090 1768 2133 ut

156 2161 242 2207 est
262 2152 403 2207 alter
421 2152 677 2207 similiter
705 2151 1022 2209 laudabilis.

281 2289 414 2350 Quid
445 2301 515 2342 est
549 2292 795 2357 „Factum
832 2304 900 2344 est
935 2312 1036 2344 eum
1072 2296 1241 2345 exisset
1274 2293 1425 2345 Iacob
1460 2312 1493 2345 a
1515 2295 1655 2361 facie

489 2362 669 2424 patris,
726 2363 852 2412 venit
884 2361 1028 2412 Esau
1058 2363 1225 2427 frater
1260 2364 1439 2412 οἰκείῳ

272 2465 396 2520 220.
451 2462 608 2517 Parte
645 2464 876 2519 oratoria
913 2466 1035 2520 sine
1078 2465 1434 2538 ambiguitate
1472 2464 1766 2518 constituta

159 2538 417 2609 auspicia
448 2537 883 2602 naturalissima,
928 2548 981 2595 et
1009 2540 1282 2611 aptissimi
1312 2539 1461 2595 tituli
1491 2537 1764 2590 dicentur.

154 2614 234 2667 De
258 2612 552 2667 contrariis
573 2614 719 2667 enim
735 2655 748 2677 ‚
779 2615 828 2667 si
851 2614 1082 2669 alterum
1102 2615 1407 2686 egreditur,
1446 2612 1767 2681 supervenit

158 2686 346 2741 aliud:
392 2692 456 2740 ut
481 2694 614 2756 puta
642 2696 876 2742 exeunte
902 2692 1135 2760 penuria
1165 2688 1254 2741 vel
1285 2685 1588 2757 ignominia
1616 2683 1768 2737 divi-

157 2762 271 2816 tiae
290 2770 344 2816 et
365 2761 542 2833 gloria
563 2764 979 2832 superveniunt,
1011 2765 1238 2819 absente
1257 2761 1516 2831 languore
1538 2765 1590 2812 et
1612 2756 1768 2811 infir-
