2050 3100
73 167 103 231 [1],
113 170 165 235 ltu]
229 176 271 220 IN
290 174 466 219 GENESIN.
487 173 616 230 SERMO
634 174 677 219 ΠΙ.
822 172 850 221 ‘ll

71 275 226 329 naturaliter:
255 274 452 329 namstudium
464 274 620 345 encyclicae
630 273 796 346 disciplinae
809 276 855 331 di-

71 348 117 419 ligit
129 350 240 420 copiam
254 350 400 413 scientiae,
422 358 449 403 et
463 349 575 419 copiosa
589 349 854 421 scientiataruquarn

70 424 175 479 nunna
185 432 230 478 est
242 424 364 479 virtutis.
403 422 539 489 Quoniam
553 424 713 494 complexus
724 426 854 479 scientia-

69 513 115 550 rum
127 499 287 569 artiumque
302 498 389 573 servit
402 498 442 561 ei,
463 498 514 569 qni
527 498 581 552 scit
590 496 722 568 prolicere
732 501 855 570 acquisi-

68 571 124 626 tione
132 574 192 627 eius
204 573 243 627 ad
254 572 452 643 acquirendam
462 573 607 640 virtutem3
624 574 713 627 virtus
721 575 794 629 euim
804 574 855 628 ha-

66 644 202 701 bitaculum
212 648 855 717 hahetanimam,complexusautemscientia-

67 730 147 777 tumet
156 723 263 778 artium
278 730 341 794 eget
355 722 493 793 corporeis
508 722 710 778 instrumentis.
749 723 854 794 Corpus

66 803 140 851 auum
148 797 310 870 symbolice
319 796 461 869 Aegyptus
475 804 531 861 est,
551 796 615 851 ideo
629 798 690 852 iure
700 798 855 870 encyclico-

65 885 113 924 rum
121 874 246 942 speciem
255 872 423 944 Aegyptiam
437 871 564 927 asseruit.
593 871 718 927 Attamen
728 881 855 943 propter-

65 958 88 995 tt
97 952 333 1015 concoctionem
345 947 429 1001 etiam
440 946 596 1001 nominavit
611 946 702 1011 illam,
723 948 855 1017 quoniam

65 1022 227 1091 peregrinum
238 1029 284 1075 est
293 1020 436 1091 sophisma
448 1020 484 1075 ad
498 1022 729 1092 comparationem
743 1024 855 1093 sapien-

66 1092 108 1147 tiae
115 1098 226 1167 proprio
235 1096 345 1169 patriae
355 1096 498 1166 soliusque
513 1095 699 1158 necessariae,
720 1111 791 1163 quae
805 1096 856 1149 do-

64 1168 124 1223 mina
136 1167 172 1245 [Ἴ
185 1180 229 1227 est
245 1169 356 1225 mediae
369 1169 536 1242 disciplinae
547 1176 574 1223 et
583 1184 632 1238 per
642 1168 782 1240 encyclica
792 1168 857 1238 pul-

64 1240 129 1299 ciras
142 1246 261 1302 choreas
273 1245 367 1317 agitat.

67 1502 107 1554 Cur
126 1509 184 1563 dizit
205 1512 278 1562 Sara
301 1511 336 1561 cd
356 1510 492 1560 arratam:
526 1509 615 1574 „Ecce
633 1510 744 1560 consciscit
761 1527 796 1559 me
814 1512 855 1560 do·

121 1579 204 1643 minus,
225 1589 255 1630 ut
271 1597 318 1629 nott
331 1579 444 1648 pariam)
470 1581 534 1628 intra
552 1578 586 1627 ad
601 1579 710 1628 ancillam
725 1595 811 1640 meam,
830 1588 856 1627 ut

120 1661 216 1706 puerum
228 1647 317 1712 facias
335 1663 364 1695 ec
381 1645 462 1695 ittam
479 1647 533 1710 (16,
553 1647 590 1709 2.)

115 1797 155 1848 20.
180 1800 209 1854 ln
226 1802 288 1871 ipsa
305 1799 395 1854 littera
408 1798 482 1852 idem
498 1806 540 1852 est
554 1815 608 1852 non
618 1797 745 1853 invidere
755 1806 782 1852 et
792 1814 857 1869 pro-

67 1865 153 1948 yidere
166 1872 199 1928 de
214 1875 341 1945 sapiente
353 1874 470 1944 viroque
484 1890 535 1927 suo
549 1881 577 1928 et
589 1873 711 1945 genuino
730 1881 854 1944 cognato,

68 1947 100 1994 rta
109 1953 137 1998 ut
146 1957 243 2018 optans
253 1948 393 2004 sterilitati
406 1965 472 2002 suae
482 1946 640 2002 satisfacere
650 1963 700 2018 per
715 1947 855 2009 ancillam,

67 2029 142 2084 quam
159 2022 292 2088 habebat,
325 2023 509 2078 concubinam
529 2039 590 2076 eam
611 2022 672 2076 viro
695 2030 855 2092 praestaret.

71 2085 200 2152 Caeterum
215 2099 316 2154 umoris
332 2113 396 2170 erga
413 2098 506 2152 virum
526 2097 605 2166 copia
623 2097 713 2168 magis
732 2098 857 2170 assigna-

71 2169 119 2219 tur:
140 2185 224 2240 quum
235 2173 308 2228 enim
320 2172 423 2228 sterilis
431 2173 494 2244 ipsa
503 2179 659 2242 putaretur,
671 2187 726 2226 non
737 2189 857 2243 aequum

74 2235 203 2302 tanton-i
215 2247 350 2304 familiam
359 2247 435 2320 prole
449 2247 587 2318 privatam
601 2245 772 2318 derelinqui,
796 2247 857 2302 eius

75 2314 275 2376 emolumentum
294 2337 466 2393 praeponens
486 2337 552 2376 suae
572 2319 712 2392 dignitati.
755 2321 857 2377 Littera

77 2381 133 2442 haee
144 2394 243 2462 prodit.
281 2395 325 2452 Ad
340 2404 460 2452 mentem
473 2412 540 2452 vero
558 2394 718 2450 huiusmodi
738 2394 858 2466 praefert

79 2461 206 2524 rationem:
230 2469 290 2526 tllis
304 2471 354 2542 qui
368 2479 509 2542 nequeunt
523 2487 559 2526 ex
572 2470 674 2525 virtute
686 2486 783 2540 parere
792 2467 858 2538 pul-

79 2530 133 2617 tlua
145 2557 173 2594 ao
186 2543 267 2599 laude
282 2545 366 2617 digna
379 2562 476 2617 opera,
499 2545 629 2600 convenit
642 2543 764 2598 mediam
777 2541 858 2610 sequi

81 2603 254 2684 disciplinam,
276 2628 370 2690 atque,
392 2628 423 2674 ut
441 2621 479 2674 ita
499 2618 633 2679 dixerim,
655 2634 691 2670 ox
709 2613 858 2684 encyclicis

85 2694 166 2746 lutros
180 2707 269 2748 creare
283 2694 352 2760 sibi,
382 2695 461 2765 copia
476 2694 552 2748 enim
566 2691 698 2745 scientiae
712 2695 744 2739 ut
757 2701 804 2739 cos
819 2693 860 2738 est
