2050 3100
122 192 171 246 tot
348 199 530 245 vernoune
553 197 689 245 Inuum
801 194 920 261 [Μελ]

120 316 171 354 sua
185 300 287 354 virtute
299 299 459 371 possidente
472 306 500 353 et
513 306 619 370 partem
634 298 744 355 serendi
753 300 874 355 mitteret
883 300 921 357 de

120 376 226 431 semiue
238 375 268 427 in
278 384 349 429 terra
358 382 386 429 et
395 374 473 429 tieret
481 375 531 446 qui
540 382 710 438 nasceretur,
727 375 817 429 virtus
826 383 922 447 pater-

119 466 171 505 nae
181 449 306 513 virtutis,
321 450 466 505 iasamiue
475 448 638 505 sacrificate.
676 448 921 515 Quareneciuve-

120 542 169 579 nee
183 524 218 578 ad
233 524 285 579 hoc
297 540 369 595 epus
381 533 414 579 ut
426 523 596 596 imperfecti,
617 540 706 595 neque
720 540 802 585 sanes
819 534 851 581 ut
869 524 921 581 de-

119 601 258 655 mittentes
271 601 360 662 vires,
381 599 422 653 sic
437 599 531 655 idonei
545 606 610 653 sunt
625 600 749 670 apposite
762 598 919 655 secundum

119 676 171 729 hoc
181 673 342 745 Sampsonie
354 681 478 744 tempus,
497 691 553 745 quo
564 672 614 729 ilos
623 672 823 729 adolescentiae
834 691 919 745 super

120 749 228 804 vultum
238 748 416 820 pulchrorum
425 766 501 804 more
510 747 609 805 florum
619 750 710 820 campi
720 757 747 804 et
756 749 829 805 horti
839 766 920 820 spar-

118 826 206 896 gitur,
228 826 268 879 ita
281 833 312 879 ut
325 830 466 895 stuporem
479 824 549 879 ierat
557 832 585 879 et
594 822 765 895 placidorum
774 823 920 880 oculorum

118 900 239 955 titillatio
249 899 398 954 subridens
408 900 605 971 comperiatur,
618 898 701 955 solari
711 898 859 970 splendore
868 916 919 954 su-

14 1003 15 1012 *
118 992 168 1045 per
180 991 266 1047 genas
280 974 418 1048 fulgente:
448 976 538 1031 colore
552 974 695 1045 praeditus
707 990 762 1029 nou
775 973 849 1029 sicut
858 975 919 1029 vir-

117 1051 216 1123 ginum
234 1051 439 1123 mulierumque
456 1047 640 1121 superilcreus
653 1048 846 1121 pulchritudo,
867 1049 917 1104 sed

117 1126 211 1196 qualis
227 1127 341 1198 optimis
357 1126 426 1183 viris
444 1142 480 1180 ex
492 1124 641 1197 praeclaris
657 1123 799 1181 laboribus
812 1125 916 1188 evenit,

117 1210 291 1273 cooperatore
308 1201 342 1274 (s.
363 1198 558 1271 concoquente)
578 1198 703 1255 laborum
721 1215 836 1255 sucrum
858 1200 918 1255 sole

117 1277 246 1333 ruborem
257 1277 403 1351 plierente3
437 1277 510 1330 siout
527 1282 555 1331 et
573 1274 785 1345 superciliorum
805 1290 918 1345 compc-

117 1353 182 1407 sitio
192 1354 315 1407 imitatur
325 1353 406 1407 lunae
417 1350 567 1414 circulum,
584 1358 731 1421 numquam
741 1349 772 1405 iu
782 1348 918 1405 neeffleta·

116 1436 171 1480 um
183 1436 279 1500 vergat
288 1428 418 1483 cornibus
428 1426 552 1483 collectis
561 1424 597 1480 ed
606 1424 744 1482 circulum
757 1422 918 1481 iaciendum

116 1502 266 1573 integrum.
834 1535 836 1548 ·

172 1593 215 1645 22.
236 1590 400 1645 Huiusmodi
409 1591 465 1662 ipsi
475 1589 601 1662 praedito
610 1587 691 1644 vultu
700 1586 918 1644 delectabiliso·

117 1663 152 1716 lis
167 1667 253 1718 instar
263 1681 377 1718 coronae
387 1663 799 1736 mulierquaedamalienigena
808 1662 916 1719 obviat,

115 1738 215 1793 Mulier
224 1747 315 1792 autem
326 1740 422 1794 eratin
432 1740 519 1812 ligura
530 1739 660 1794 muliebri
670 1739 842 1794 concinnata.
864 1739 917 1794 llic

115 1830 180 1868 vero
196 1815 225 1868 in
241 1813 360 1868 alienam
371 1822 471 1868 terram
484 1813 636 1869 extendens
650 1815 756 1878 usum,
771 1811 808 1890 [*]
820 1829 917 1868 eorum

115 1905 204 1952 more,
219 1889 268 1959 qui
279 1889 372 1958 specie
382 1889 542 1959 capiuntur,
558 1888 669 1962 ligatur.
708 1890 834 1962 Namque
843 1890 917 1943 reci-

115 1963 194 2034 piens
212 1963 309 2019 oculus
329 1963 491 2035 complicem
510 1973 640 2019 venatum
654 1973 688 2032 ¹et
702 1965 916 2020 commoratione

115 2037 231 2092 visionis
242 2038 366 2094 nutriens
377 2039 570 2111 cupiditatem,
592 2040 669 2094 misit
682 2040 799 2096 interius
812 2041 843 2094 in
853 2041 916 2094 ani·

115 2130 191 2168 mum
204 2112 328 2169 ieritum:
360 2116 468 2171 animus
483 2124 575 2171 autem
589 2115 763 2178 vulneratus,
784 2115 915 2185 quamvis

115 2189 195 2260 apiis
205 2189 330 2245 consiliis
340 2191 479 2263 pulsetur,
500 2189 649 2262 pulchrum
663 2189 778 2262 pudoris
794 2189 915 2244 colorem

114 2265 142 2318 in
154 2264 355 2336 impudentiam
364 2266 501 2321 transfert.

169 2362 212 2413 23.
243 2357 285 2412 ld
303 2358 378 2413 huuc
396 2359 485 2413 locum
500 2357 615 2427 quidam
630 2373 665 2411 ex
679 2355 852 2427 sapientibus
866 2353 915 2410 di·

113 2441 179 2486 cunt
193 2450 257 2499 eum
270 2433 426 2493 divinitatis
438 2432 554 2488 consilio
565 2434 596 2486 in,
605 2431 767 2503 cupidinem
777 2429 916 2502 alienige-

112 2523 164 2559 nae
178 2506 304 2562 deditum
319 2507 419 2571 fuisse,
439 2516 470 2561 ut
483 2507 530 2560 via
543 2507 572 2560 in
582 2523 681 2562 noxam
692 2505 913 2577 alienigenarum

113 2581 264 2649 aperiretur
277 2584 313 2636 ei.
351 2581 484 2638 Nonnulli
493 2597 560 2636 vere
569 2581 659 2644 aiunt,
675 2596 828 2652 numquam
837 2579 915 2636 velle

111 2651 195 2707 deum
213 2663 245 2710 ut
258 2656 379 2711 salvetur
392 2655 533 2727 (populus)
545 2672 595 2727 per
610 2654 733 2710 facinore
746 2663 854 2726 praeter
868 2655 914 2710 le-

111 2741 174 2793 gem
184 2726 265 2782 lecta.
303 2730 436 2795 Quoniam
448 2729 521 2800 apud
530 2746 560 2784 sc
569 2737 626 2784 eret
638 2738 786 2800 utrumque
795 2729 915 2801 dispen-
