2050 3100
178 190 228 245 294
298 194 397 240 PHIL.
417 193 491 241 IUD.
512 193 674 252 QUAEST.
693 194 743 239 ET
763 194 840 241 SOL
864 190 907 255 [11,
918 192 978 257 lla]

178 296 331 369 praesentis
346 295 471 366 quaesita
487 291 524 368 [*]
541 294 683 351 distinctio
693 293 734 367 (in
744 294 980 351 ambobus-fratri-

180 370 251 442 bus).
292 371 361 423 Nam
376 369 424 424 illa
439 370 551 441 unique
565 369 674 442 parenti
687 370 878 441 complacebat
890 380 920 427 et
933 371 980 426 bc

178 446 316 508 minibus,
336 452 478 516 tamquam
492 445 635 516 exemplar
648 443 683 515 (s.
694 445 912 519 exemplaribus)
924 463 981 500 ma-

178 522 337 594 gistrorum.
386 521 440 575 lste
459 536 526 575 voro
545 520 651 575 nomini
672 519 777 590 placen
812 520 865 575 sed
886 521 980 576 volens

178 594 300 650 blandiri
323 609 385 649 sesa
407 595 590 659 occultando,
623 602 655 650 ut
676 594 819 650 videretur
836 594 979 656 bonorare,

178 677 293 725 matrem
311 684 402 741 nequo
422 680 568 733 memorat,
588 670 645 724 nisi
664 677 772 740 patrem
784 669 888 725 solum
926 672 981 725 Nos

178 745 250 799 banc
268 753 360 799 tamen
379 745 464 799 miser
482 745 618 816 integram
636 742 746 816 perficit
764 744 978 807 simrnlationem,

179 819 232 885 sed,
239 828 312 875 certe
322 818 423 883 sciens,
435 818 510 890 quod
520 819 672 891 displicent
679 820 753 889 patri
761 818 930 875 habitatores
939 838 981 875 re·

178 895 284 967 gionis,
305 911 353 949 eas
367 910 436 965 quas
453 894 585 959 habebat,
606 910 661 949 non
671 894 801 958 dimittit,
821 894 981 965 sedaocipit

178 985 263 1040 super
272 969 350 1033 illas,
371 969 487 1024 adiectis
497 970 618 1041 peccatis
629 985 715 1041 supra
726 977 853 1040 pmcata,
875 970 927 1025 rix
939 986 981 1025 so-

179 1043 245 1099 lutis
259 1045 370 1115 primis.
409 1042 498 1109 Quare
512 1044 647 1115 propheta
661 1044 814 1116 ignominia
830 1044 982 1115 ipsumno-

178 1123 253 1183 talis,
270 1118 369 1173 scribit
377 1120 536 1189 sequentia,
552 1117 629 1189 quod
637 1135 695 1173 non
703 1118 824 1183 dimisit,
840 1118 983 1189 sedsuper

178 1210 225 1248 aas
235 1210 335 1248 uxores
346 1192 427 1247 duxit
435 1193 492 1247 sibi
502 1210 632 1249 uxorem:
658 1192 734 1264 quod
742 1209 797 1247 non
808 1194 930 1248 inaniter
939 1193 983 1247 di-

178 1277 253 1323 ctum
273 1267 370 1323 credas
388 1267 423 1322 de
440 1269 665 1340 praesumptione
682 1284 826 1340 aggressa,
846 1268 898 1323 sed
912 1270 983 1322 sicut

178 1342 421 1414 reprehensionem
441 1344 558 1398 intimae
577 1343 716 1398 amicitiae
733 1359 799 1414 erga
818 1343 951 1397 mulieres
968 1360 983 1395 a

178 1419 315 1489 sapientia
335 1417 481 1483 alienatas,
504 1434 574 1489 quas
589 1427 622 1474 ut
634 1418 722 1473 malas
738 1417 877 1473 iudicavit
895 1427 980 1489 pater,

178 1672 279 1742 prioris
291 1679 317 1725 ot
327 1670 425 1735 huius,
443 1669 544 1742 dequo
553 1687 629 1726 nune
639 1688 730 1739 sermo
740 1678 791 1728 est.
829 1667 880 1724 Illo
892 1678 982 1724 autem

179 1745 270 1816 (mara.
289 1744 377 1818 enim)
393 1747 520 1816 utrisque
537 1745 664 1817 placebat
681 1745 843 1818 parentibus
862 1743 984 1800 bomini-

179 1821 247 1882 bus,
265 1829 297 1875 ut
306 1837 422 1875 censura
431 1820 566 1892 discipuli
576 1821 728 1894 magistris.
766 1819 800 1876 lli
811 1828 904 1875 autem
915 1837 984 1874 neu-

179 1896 215 1950 tri
233 1894 416 1959 obsecundat,
427 1895 577 1951 xsimulato
600 1904 692 1952 autem
710 1895 803 1952 lavore
823 1894 981 1958 deferendo,

178 1971 275 2025 matris
288 1969 402 2042 quidem
417 1987 469 2026 neo
486 1972 613 2027 meminit
630 1988 767 2043 unquam,
792 1979 899 2042 patrem
918 1987 983 2024 vero

14 2061 20 2128 s
71 2089 76 2106 ,
179 2044 338 2117 hucusque3
364 2061 417 2100 neo
434 2047 472 2101 ita
490 2046 604 2102 demum
617 2047 830 2102 intelicissimus
844 2046 934 2099 salvat
951 2043 984 2097 fi-

179 2128 253 2174 ctum
268 2120 448 2191 obsequium,
468 2121 519 2176 sed
533 2122 625 2193 palam
640 2139 784 2178 eumcum
796 2121 980 2194 cognovisset,

179 2193 254 2266 quod
269 2204 431 2266 aspernatur
445 2197 615 2253 interraneas
629 2207 721 2269 pater,
746 2197 850 2268 primas
868 2194 982 2266 quidem

180 2286 234 2324 non
253 2271 369 2342 repulit,
401 2271 515 2326 alteram
534 2282 626 2328 autem
649 2272 826 2344 superducit,
857 2267 983 2343 augendo

179 2354 323 2416 peccatum
334 2361 388 2400 non
399 2345 525 2402 obsoluto
533 2349 635 2418 priori.
674 2347 753 2402 Unde
768 2346 892 2418 prolecto
907 2353 983 2400 notas

180 2420 315 2476 adversus
328 2438 392 2476 eum
409 2422 575 2497 promendo,
597 2422 669 2478 dixit
683 2440 747 2479 eum
759 2439 815 2477 nou
830 2421 981 2481 remisisse,

179 2496 229 2551 sed
239 2495 438 2568 superduxisse
447 2497 588 2569 prioribus
598 2515 726 2563 uxorem,
747 2515 803 2554 non
815 2497 981 2556 transitorie,

180 2571 229 2627 sed
244 2591 294 2644 pro
307 2574 465 2630 testimonio
479 2572 595 2636 favoris,
621 2589 703 2643 quom
722 2572 820 2628 habuit
838 2571 874 2627 ad
892 2579 984 2626 extra·

181 2663 246 2701 neas
260 2649 412 2720 sapientiae
429 2656 456 2703 et
473 2647 625 2719 pudicitiae
645 2647 794 2713 foeminas,
819 2664 890 2718 quas
907 2654 984 2718 pater

182 2721 316 2794 malignas
339 2722 453 2777 iudicat.
505 2720 618 2776 Nullius
642 2723 805 2795 accipiendo
825 2737 981 2794 personam,
