2050 3100
275 595 503 652 PHILONIS
533 596 693 659 IUDAEI

79 739 448 859 cunnsuiouns
471 767 535 853 si
557 767 884 852 scuououns

304 968 360 1030 IN
401 968 667 1031 GENESIN.

350 1201 536 1253 SERMO
571 1202 626 1253 111.

711 1306 753 1370 [11,
766 1313 813 1357 isi.
825 1308 887 1373 itu]

78 1394 113 1462 [¹]
138 1392 210 1452 Quid
227 1402 262 1443 eet
283 1392 363 1458 „Eoo
383 1410 434 1443 sum
456 1392 562 1443 dominus
583 1392 640 1443 deus
661 1402 725 1457 tuus,
754 1394 796 1457 qui
815 1394 889 1444 eduxi

147 1471 173 1512 te
201 1460 233 1509 de
261 1468 327 1509 terra
351 1459 537 1522 Chaldaeorum,
568 1469 594 1510 ut
622 1460 703 1510 dorem
731 1461 775 1511 titt
799 1460 887 1511 terrarii

149 1528 215 1578 hone
234 1526 259 1576 iu
279 1526 471 1578 hereditotsoi“l
497 1527 574 1592 (Gen.
595 1533 635 1590 1⁵,
655 1528 692 1594 7.)

141 1643 168 1694 l.
199 1622 440 1714 Quandoquidem
460 1643 550 1704 littera
567 1642 712 1700 manifesta
731 1650 787 1706 est,
811 1643 886 1714 quod

79 1717 117 1771 ad
138 1732 240 1770 sensus
261 1719 409 1773 essentiam
429 1719 537 1782 attinet,
567 1717 739 1772 reddendum
761 1716 813 1771 crit
835 1717 887 1771 hoc

79 1788 179 1844 modo.
220 1793 301 1845 Terra
315 1791 516 1846 Chaldaeorum
530 1792 682 1865 symbolice
694 1791 886 1846 mathematica

81 1864 192 1918 theoria
208 1873 262 1928 est,
284 1866 364 1921 cuius
381 1883 446 1937 pars
466 1867 624 1939 agnoscitur
642 1866 819 1931 astronomia,
840 1867 887 1920 cui

81 1955 140 1992 non
160 1937 263 1992 trustra
282 1956 372 2011 neque
390 1941 511 2012 segniter
525 1940 637 1995 student
650 1939 791 1996 Chaldaei.
830 1941 887 1993 Du-

83 2011 155 2081 plici
170 2014 265 2083 itaque
279 2013 351 2068 dono
366 2014 479 2069 honorat
496 2015 662 2085 sapientem:
691 2015 812 2086 primum
823 2031 887 2068 eru-

85 2085 158 2140 endo
167 2087 262 2157 ipsum
273 2087 306 2141 de
317 2096 390 2142 secta
400 2089 606 2161 astrologorum,
618 2087 749 2145 videlicet
759 2088 794 2142 de
803 2088 887 2144 Chal-

85 2159 206 2215 daeismi
225 2161 454 2227 hallucinatione,
484 2179 569 2233 quae,
599 2170 630 2218 ut
649 2171 730 2235 captu
749 2162 884 2225 difficilis,

84 2251 251 2307 magnorum
270 2236 405 2296 malorum
425 2244 451 2300 et
469 2238 620 2308 impietatis
639 2254 721 2291 causa
740 2239 884 2309 reperitur,

86 2307 167 2364 lactis
188 2308 300 2364 lactoris
319 2311 436 2366 virtutes
460 2310 620 2365 adscribens
639 2318 666 2365 et
683 2328 765 2382 opera
788 2309 887 2364 mundi

86 2398 136 2452 pro
156 2383 258 2454 opifice
277 2385 376 2439 mundi
396 2385 448 2439 deo
467 2387 592 2441 venerari
613 2402 645 2438 ac
664 2385 753 2440 colere
771 2400 887 2456 persua-

87 2456 180 2524 dens;'
228 2459 349 2513 secundo
368 2459 544 2515 concedendo
566 2459 622 2530 ipsi
644 2460 808 2530 sapientiam
827 2456 888 2511 fru-

86 2530 229 2596 ctiferam,
251 2549 334 2604 quam
355 2534 507 2610 symbolice
529 2530 556 2608 [*
585 2541 685 2588 terram
704 2530 886 2599 nuncupavit.

86 2603 216 2661 Ostendit
227 2614 318 2662 autem
327 2616 405 2680 pater
420 2608 554 2680 (universi
580 2607 744 2677 sapientiam
758 2611 785 2655 et
801 2602 887 2655 virtu-

85 2686 141 2733 tem
152 2680 337 2736 invariabiles
352 2691 379 2737 et
391 2680 578 2737 immutabiles
593 2696 667 2740 esse,
689 2675 820 2744 quoniam
833 2690 886 2726 non

120 2751 240 2803 Pninc
259 2753 318 2804 vll.
661 2750 684 2796 Α
