2050 3100
70 121 104 186 [1,
115 118 161 187 50]
202 123 252 168 DE
271 122 547 171 PROVIDENTIA
566 125 693 172 SERMO
713 126 743 171 11.
839 115 873 172 57

67 239 154 280 urere
173 223 218 290 vel
239 240 332 280 secare
350 240 400 295 pro
418 233 494 296 patre
509 224 554 279 vel
570 234 655 281 matre
670 225 874 298 aegrotantibus

70 300 164 354 lilium
183 315 283 353 sanum
303 298 510 370 aggrederetur,
542 316 631 354 nonne
651 308 697 354 eut
716 299 807 355 iurene
828 308 876 354 aut

71 373 188 428 exitiale
202 372 272 444 quid
286 374 378 428 moliri
388 373 531 428 evidenter
541 373 715 429 censeretur?
737 373 875 440 Quantum

70 465 141 521 ergo
154 447 302 503 absurdius
316 449 381 512 erit,
397 448 530 520 'idrquod
550 466 640 521 neque
660 449 695 504 de
715 445 875 508 hominibus

71 523 133 577 dici
147 529 250 594 potest,
272 522 303 577 id
317 523 351 577 de
365 522 421 577 diis
436 519 566 578 credere?
593 524 663 580 Mihi
673 532 746 579 certe
757 524 877 579 nullate-
930 529 933 536 ‘

71 613 128 652 nus
138 596 190 652 hoc
199 598 339 668 sapienter
348 605 439 652 actum
448 598 584 664 creditur,
604 597 655 654 sed
668 599 760 678 potius
771 601 820 670 qui
831 600 877 654 in·

71 673 176 728 iuriam
187 672 260 736 lecit,
272 672 347 727 huno
355 689 457 744 poenas
465 670 502 748 [⁴¹¹]
513 673 590 743 luere
599 673 700 742 iudicii
710 674 751 728 ias
762 684 803 729 est
813 674 875 747 lege

70 764 188 820 prorsus
198 747 412 818 sapientissima.
558 759 561 766 ’

132 859 159 910 8.
184 855 270 910 Nobis
283 855 398 926 quidem
412 855 534 926 plurima
544 855 686 914 obstacula
695 855 816 927 pedibus
825 856 888 909 ob-‘
915 908 917 914 .

72 934 148 985 iectu
159 930 357 1000 impedimento
368 938 432 985 sunt
442 931 472 984 in
481 931 595 994 itinere,
612 930 805 994 imbecillitas,
823 929 877 984 du-

72 1005 137 1069 bia,
153 1003 431 1076 deiectnstemporis,
448 1005 515 1059 item
525 1006 656 1070 societas,
678 1005 877 1076 consanguini-

70 1089 131 1144 tas,
153 1094 262 1150 preces,
283 1078 474 1152 deceptiones,
494 1079 580 1144 dona,
602 1096 667 1151 spes
677 1079 804 1134 utilitatis
814 1094 878 1132 cae-

70 1165 190 1224 teneque
203 1153 247 1209 his
262 1154 379 1210 similia:
411 1153 581 1209 deus-tamen
592 1155 725 1212 immunis
735 1160 777 1208 cst
786 1152 821 1206 ab
832 1149 877 1205 his

71 1228 217 1286 omnibus.
255 1229 398 1300 Itaquesi,
417 1236 449 1284 ut
458 1228 612 1303 Aeschylus
624 1229 705 1292 dicit,

131 1320 218 1374 locem
228 1337 265 1374 ec
278 1324 462 1376 sceleratorum
474 1338 566 1390 penore
580 1326 671 1376 ectmit

188 1401 212 1448 ot
225 1398 259 1449 ab
273 1400 378 1450 intutis
392 1399 449 1460 lec,

71 1492 213 1560 oporteret
227 1487 394 1542 contrarium
408 1503 468 1541 esse
478 1487 560 1542 illum
570 1503 606 1541 ex
616 1486 728 1540 iniustis
738 1483 771 1559 (s.
783 1486 813 1540 in
824 1501 878 1538 nn·

70 1578 151 1618 mero
161 1561 316 1636 iustorum).
346 1562 405 1617 Non
417 1564 455 1617 ita
465 1571 557 1618 tamen
567 1580 612 1617 res
622 1580 652 1616 se
663 1562 755 1617 babet.
768 1560 877 1631 .Siqui-

72 1638 139 1693 dem
154 1634 294 1702 Socrates,
314 1638 365 1708 qui
378 1638 515 1694 mirabilis
530 1638 584 1693 luit
598 1638 732 1709 sapientia
747 1644 774 1690 et
788 1638 816 1691 in
827 1636 878 1689 ho·

72 1713 202 1767 dierntm
221 1727 310 1783 usque
326 1712 402 1767 diem
418 1713 513 1774 orbem
534 1722 667 1768 terrarum
683 1712 718 1767 ed
733 1710 878 1766 celebren-

72 1788 143 1843 dum
162 1794 296 1859 perpetuo
314 1787 491 1851 memorabile
506 1804 704 1851 nomensuum
720 1786 801 1841 laude
816 1786 877 1857 glo-

71 1864 133 1917 riae
145 1861 283 1932 -impellit,
304 1861 416 1917 insidiis
425 1863 460 1918 nb
469 1863 605 1918 obscoeno
614 1878 754 1934 pravoque
764 1861 876 1915 bomine

72 1935 237 2009 deperditus
251 1944 306 2000 est,
328 1938 379 2007 qui
392 1938 532 1992 neminem
547 1938 708 2015 exrcivitate
721 1952 772 1991 nec
786 1936 876 1995 mino-

43 2048 47 2052 ·
71 2030 133 2067 rem
143 2027 196 2065 nec
205 2011 336 2066 maiorem
346 2010 534 2076 interiecerat,
545 2029 601 2083 qun
610 2028 740 2083 peccasse
750 2008 876 2064 credere-

71 2097 133 2151 tur,
154 2102 206 2141 nec
219 2086 306 2141 ullam
319 2088 492 2142 occasionem
502 2087 633 2159 malignis
644 2086 678 2142 nd
689 2083 874 2139 accusandum

70 2180 103 2217 se
111 2160 288 2235 praebuerat.
673 2160 676 2167 '

84 2302 90 2308 ·
129 2282 157 2335 9.
181 2279 292 2335 Etenim
306 2280 397 2334 invisa
412 2295 472 2333 esse
486 2278 556 2333 solet
570 2274 724 2334 communis
739 2287 820 2327 curae
834 2284 875 2329 at—

71 2355 174 2419 tentio,
196 2353 264 2408 dum
277 2354 308 2408 in
322 2352 436 2409 theoriis
451 2350 647 2422 exercitiisque
661 2356 774 2404 naturae
788 2364 817 2401 se
828 2366 875 2403 oc-

71 2437 158 2503 cupat
170 2436 197 2484 et
211 2442 270 2493 eos,
292 2430 342 2500 qui
353 2428 484 2501 proficere
494 2427 624 2499 cupiunt,
646 2419 790 2506 apueritia
799 2424 875 2477 eoe'r·

71 2514 124 2569 cet,
137 2503 244 2576 quibus
253 2512 280 2558 et
288 2503 431 2559 monitoris
440 2511 467 2557 et
475 2503 562 2581 patris
573 2498 686 2554 adhibet
697 2502 872 2565 aequrtatem,

71 2580 177 2635 docens
187 2579 367 2650 copiosesine
377 2576 486 2633 invidia
499 2584 526 2632 et
539 2573 625 2638 nihil,
647 2569 722 2644 quod
738 2567 773 2622 ad·
788 2568 876 2624 disci·

70 2655 181 2727 plinam
200 2655 333 2733 pertinet,
353 2652 508 2709 occultans:
545 2642 778 2723 quemadmodum
800 2660 876 2701 nunc
