2050 3100
39 165 88 231 [IL
102 171 141 213 311
148 162 167 227 ]
226 170 266 213 IN
287 169 466 221 GENEaiN.
485 169 615 217 salino
633 173 676 221 IV.
807 167 855 220 lli

85 299 155 358 Quid
171 311 206 351 ert
222 302 340 365 „Servus
357 303 438 353 domus
454 320 512 353 suae
529 304 621 366 senior,
646 306 688 368 qui
699 317 815 369 praeerat

204 370 322 433 omuibus,
347 386 409 434 qaae
426 371 450 420 ei
465 374 575 420 eront‘⁴f
592 376 645 435 (24,
659 374 697 436 2.)

101 456 147 507 85.
173 453 318 509 Manifesta
335 464 376 510 est
387 455 490 520 littera,
507 456 640 527 quoniam
649 467 853 528 procuratorem

41 530 107 581 sive
125 528 285 599 principem
301 529 450 585 famulatus
467 530 509 585 vel
525 530 683 603 praesidem
695 550 789 588 rerum
803 533 853 588 do-

43 602 116 656 mini
131 620 195 657 essa
210 602 352 659 hominem
367 614 442 660 notat
456 604 610 676 Scriptura.
649 608 680 661 ln
695 607 767 662 serie
787 626 852 663 vero

44 677 82 731 all
119 678 198 732 oriae
217 679 300 734 etiam
320 688 417 735 natura
431 689 538 744 nostra,
561 689 593 735 nt
607 681 731 746 videtur,
752 682 852 737 huius-

45 770 72 807 m
112 753 282 809 iaostimata
298 764 350 809 est.
389 755 470 811 Servi
485 772 517 809 ao
531 756 651 814 ministri
665 757 791 813 ordinem
802 758 852 812 ha-

46 827 93 883 bet
105 830 136 883 in
152 828 234 883 nobie
250 828 367 885 verbum
382 831 520 901 prolatum
534 840 611 885 extra
626 841 760 897 montena,
780 849 853 904 quae

46 902 134 959 verbo
143 902 293 975 perfectior
302 914 344 961 est
354 914 381 960 et
391 906 520 977 princeps
531 914 613 977 atqua
622 906 763 964 dominus.
796 910 852 962 lloc

46 994 112 1051 orgo
133 978 252 1035 verbum
269 978 407 1051 prolatum
427 989 469 1035 eet
487 981 578 1051 ipsius
600 982 727 1037 minister
748 984 849 1046 senior,

46 1054 236 1125 principatum
246 1054 352 1111 habene
366 1073 402 1111 ex
415 1065 512 1111 natura
527 1063 667 1127 tamquam
681 1075 698 1111 a
711 1074 764 1111 suo
775 1073 850 1128 rege,

46 1129 106 1185 siva
117 1129 225 1185 ratione
235 1146 321 1201 super
329 1130 481 1202 corporalia
490 1132 674 1185 instrumenta
688 1140 716 1185 et
729 1130 849 1185 obiecta:

46 1202 114 1259 haec
129 1204 207 1259 anim
221 1206 352 1261 universa
367 1222 416 1277 per
431 1206 533 1261 virtute
547 1215 675 1261 ornatum
693 1205 853 1277 ministrum

44 1278 173 1350 disponit
181 1280 262 1335 ratio.

103 1386 142 1451 [Ἴ
164 1385 212 1437 Cur
229 1386 330 1438 dicerit:
361 1386 451 1451 „Pone
468 1404 562 1438 manum
580 1397 645 1437 tuam
661 1389 704 1437 aab
716 1389 798 1453 semor

352 1458 466 1505 meum¹‘f
488 1456 548 1520 (ib.)

103 1544 147 1596 86.
168 1539 261 1609 Quum
270 1541 447 1598 adiuraturns
457 1550 531 1597 esset
541 1541 672 1615 (servum)
684 1540 718 1596 de
733 1540 852 1614 despon-

46 1618 154 1672 satione
167 1618 310 1682 mulieris,
332 1634 444 1672 manum
459 1617 537 1672 iubet
551 1634 707 1688 supponere
722 1634 807 1690 prope
822 1619 852 1670 in

48 1693 140 1747 locum
150 1694 357 1766 generativum,
374 1692 536 1766 significans
545 1692 853 1747 illibatam¹collocutio-

48 1783 112 1822 nem
127 1767 163 1822 de
177 1767 310 1822 affinitate
326 1775 353 1823 et
371 1768 578 1823 matrimonium
597 1766 850 1838 irreprehensibile,

49 1841 123 1914 quod
138 1859 188 1914 pro
202 1841 258 1898 fine
271 1841 371 1898 habeat
384 1860 438 1898 non
452 1842 628 1915 cupidinem,
653 1842 702 1897 sed
717 1841 853 1914 genuino-

51 1935 109 1972 rum
125 1917 248 1974 filiorum
261 1919 488 1990 procreationem.
528 1917 683 1992 Allegorice
696 1934 761 1972 vero
780 1917 853 1971 acci-

52 1995 157 2063 pientes
172 1993 300 2049 dicamus
315 1993 409 2059 liceat,
432 1993 567 2048 veraciter
589 1993 679 2048 femur
696 1991 753 2046 dici
772 1992 853 2047 illum

53 2068 274 2134 aninesiorum,
296 2069 346 2142 qui
357 2086 411 2124 non
421 2065 496 2133 fluit,
519 2067 570 2123 sed
580 2068 689 2122 stabilis
699 2065 853 2121 estduritia

54 2144 272 2216 constantiaque:
290 2161 373 2218 supra
384 2160 468 2215 quem
479 2141 558 2198 iubet
567 2144 671 2198 ratione
682 2157 784 2214 ponere
794 2159 853 2194 ma-

56 2235 116 2272 num
127 2217 163 2273 ob
173 2220 358 2274 reverentiam
369 2219 556 2290 honoremque
566 2219 627 2273 eius
639 2218 705 2281 loci,
719 2218 765 2271 cui
776 2215 854 2270 dedit

57 2303 145 2348 natura
157 2294 230 2348 sicut
241 2294 405 2367 dignitatem
415 2295 556 2366 propriam
570 2292 758 2348 immutabiles
773 2293 853 2345 inva-

57 2368 220 2440 riabilesque
240 2369 362 2442 species3
397 2369 448 2443 qni
467 2369 566 2424 itidem
581 2385 612 2423 ac
627 2367 756 2422 similiter
771 2365 854 2419 habnt
919 2378 921 2381 ·

30 2485 32 2488 .
58 2439 171 2509 fluxum,
192 2461 248 2499 non
262 2453 295 2499 ut
313 2443 415 2500 dixerit
429 2440 584 2518 quispiam,
604 2459 693 2515 pauca
708 2439 851 2510 receperit,

60 2517 100 2572 sed
115 2527 145 2574 ut
158 2528 320 2592 permaneat
334 2527 361 2574 et
374 2521 435 2592 ipse
449 2519 511 2574 sine
525 2519 676 2574 mutatione
695 2512 854 2570 mendacio-

32 2579 33 2603 *
61 2593 431 2668 queinpromissionibus*).

105 2729 124 2776 ⁸)
137 2729 208 2771 Laena
221 2729 386 2772 obmnerimm
399 2730 529 2772 verbotenus
542 2728 630 2768 anobis
643 2723 748 2765 madius.
775 2717 853 2757 Auen.
