2050 3100
163 164 209 217 ⁴30
238 169 333 214 PHIL.
355 168 429 213 IUD.
448 167 611 224 QUAEST.
628 168 679 212 ET
702 167 781 212 sol..
800 160 973 230 [mikilin]

160 280 187 325 et
197 268 327 331 muliere,
339 267 389 322 sed
398 267 432 321 de
442 266 567 321 moribus
574 266 730 323 secundum
739 268 876 332 animam,
887 272 972 340 quod

160 344 314 414 respiciunt
326 351 354 396 et
366 343 521 414 praesentia
535 343 679 397 nominum
691 342 827 415 symbola.
867 342 972 409 Quon-

161 421 215 472 iam
225 420 301 472 Isaac
310 426 352 471 est
361 435 453 481 mens,
474 418 519 470 sui
529 416 678 471 instructor
687 418 819 489 magister
831 426 859 472 et
868 430 923 489 per
937 438 971 474 se

160 493 282 556 edoctus,
296 492 444 546 distinctus
454 491 489 545 ab
500 491 670 546 indistinctis
676 491 968 565 (sinditlercntibus),

160 568 284 641 gaudens
308 584 417 639 semper
438 576 465 621 et
486 566 612 637 quotidie
635 566 670 620 de
692 576 770 637 patre
793 567 902 637 deoque
925 566 967 642 [⁴⁵]

160 643 250 714 deque
265 643 373 697 cunctis
387 642 448 697 eius
461 641 608 712 operibus,
632 658 724 711 neque
737 642 892 713 displicens
906 644 969 697 sibi

160 718 195 772 de
209 718 357 789 quibusvis
372 718 401 771 in
416 716 519 771 mundo
537 714 630 780 iactis,
656 717 724 771 satis
742 733 858 789 gnarus,
886 718 969 787 quod

159 793 252 848 omnia
267 799 386 864 aguntur
400 791 553 846 secundum
567 800 691 846 naturam
701 808 751 863 per
761 791 887 847 divinam
897 809 970 862 pro-

161 866 312 923 videntiam
322 867 350 920 in
362 865 478 922 salutem
491 867 746 938 perennitatemque
755 867 967 921 universorum.

159 944 209 997 Hic
224 959 289 1015 ergo
304 941 495 997 Chananaeam
511 959 566 996 non
584 942 702 1012 accipiat
716 957 844 1004 uxorem,
870 958 969 996 mores

159 1020 274 1089 inquam
284 1017 432 1072 nonhabet
445 1024 677 1088 praememoratae
691 1024 794 1083 sectae3
828 1016 969 1087 quoniam

162 1093 311 1149 Cboaoooei
320 1093 350 1147 in
361 1093 473 1147 alteram
483 1092 590 1148 reducti
600 1091 725 1164 linguam
734 1095 833 1159 stupidi
842 1100 920 1145 sunt.

215 1170 317 1223 Verum
330 1168 411 1223 timor
425 1168 516 1223 adhuc
527 1167 616 1230 adest,
638 1184 673 1221 ne
687 1165 755 1221 sorte
768 1165 885 1221 verbum
897 1182 969 1237 pro-

159 1244 259 1307 latum,
285 1244 359 1299 servi
378 1244 487 1298 nomine
506 1244 562 1297 iam
580 1241 761 1314 appellatum,
796 1238 967 1309 sophisticis

158 1336 227 1373 usus
242 1318 484 1373 adinventionibus
499 1317 626 1379 seducat,
648 1315 769 1386 decipiat
782 1326 809 1370 et
819 1317 848 1370 in
861 1315 968 1371 deliri-

158 1410 206 1446 um
216 1400 304 1445 vertat
314 1392 344 1445 id
355 1393 430 1461 quod
440 1410 475 1447 ex
485 1402 581 1447 natura
593 1400 701 1463 gratum
714 1398 780 1444 erat.
820 1389 966 1456 Quamob-

157 1482 216 1519 rem
225 1465 330 1536 obligat
341 1466 433 1534 ipsum
448 1467 580 1530 strictius,
596 1464 724 1520 horribili
734 1467 890 1520 iuramento
902 1468 967 1523 vel·

158 1546 188 1593 ut
204 1537 297 1592 fraeno
311 1539 338 1592 ei
351 1540 494 1610 imposito,
517 1550 548 1595 ut
562 1550 716 1614 compescat
731 1540 897 1614 mitigetque
912 1541 964 1598 illa

158 1613 245 1676 dicta,
270 1630 341 1684 quae
356 1614 528 1683 stupefacere
543 1616 631 1671 solent
645 1625 672 1672 et
690 1627 847 1690 pervertere
866 1617 963 1682 illum,

158 1689 206 1759 qui
222 1695 340 1757 nequeat
355 1688 521 1760 condignam
535 1689 691 1746 firmitatem
707 1701 798 1747 tenere
812 1693 842 1746 in
863 1693 962 1748 verbo.

157 1763 227 1816 Dicit
238 1778 316 1832 ergo:
335 1759 405 1816 Illuc
415 1763 499 1827 vade,
520 1765 593 1820 unde
603 1783 653 1840 ego
664 1768 796 1840 migravi3
818 1784 874 1821 una
885 1770 963 1823 enim

156 1837 296 1908 generatio
307 1844 348 1890 est
357 1845 384 1890 et
393 1840 535 1909 prosapia,
557 1857 628 1911 quae
642 1843 773 1896 nimirum
784 1859 834 1913 per
843 1845 963 1898 manda·

156 1919 214 1964 tum
230 1909 275 1964 dei
291 1909 360 1965 facta
376 1921 417 1966 est
431 1915 573 1986 migratio,
585 1915 630 1971 'de
645 1933 699 1988 qua
714 1918 834 1988 accipias
844 1933 961 1972 uxorem

156 1985 213 2039 filio
228 2002 299 2039 meo.
339 1985 462 2042 Alterum
480 1990 615 2044 monitum
632 2000 661 2045 ut
674 1993 747 2045 vitae
761 1999 917 2047 consortem
932 1995 960 2046 in

156 2059 279 2114 moribus
291 2060 438 2131 accipitis,
460 2064 510 2134 qui
522 2066 655 2137 migrasse
669 2066 746 2120 visus
757 2073 811 2127 est,
838 2066 901 2122 sive
916 2085 961 2120 se·

156 2133 277 2188 eundum
292 2137 521 2192 consuetudinem
534 2138 727 2210 studiumque,
748 2139 870 2193 maxime
884 2141 960 2211 quod

156 2207 287 2263 Chaldaei
302 2221 436 2281 usurpant
450 2215 644 2268 astronomiam
658 2222 688 2268 ut
697 2213 883 2284 principalem
893 2232 959 2270 con-

155 2283 360 2355 templationem
371 2287 525 2343 invisibilis
536 2297 562 2343 et
572 2290 746 2360 iocor-porcae
757 2297 881 2344 naturae.

157 2407 193 2472 [¹⁹]
234 2406 326 2472 thuid
342 2407 500 2472 intemperati
515 2425 596 2457 sertio,¹
624 2408 681 2470 „Si
696 2408 795 2458 noluerit
811 2408 897 2459 mulier
914 2409 958 2457 due

221 2476 336 2540 miyrore,
347 2474 428 2536 filium
440 2483 502 2524 tuum
515 2475 656 2524 reducamus
670 2475 761 2524 illitew
778 2475 853 2526 dicit:
871 2476 958 2538 „Cave

222 2552 249 2673 pq
272 2541 367 2672 agterqle
394 2540 447 2600 tibi,
482 2558 511 2590 ne
533 2542 634 2591 reducas
655 2541 735 2602 filiium
764 2558 837 2592 meum
861 2545 959 2593 itteeur

252 2617 276 2670 l,
308 2625 329 2658 s.

212 2696 250 2746 89.
284 2695 385 2747 Littera
406 2708 468 2745 cum
488 2691 633 2746 manifesta
655 2694 704 2754 sit,
735 2692 806 2746 illud
825 2695 902 2764 quod
921 2694 957 2748 ad
