2050 3100
4 5 32 18 ι.-
53 7 122 16 .-·-·-·
128 7 248 22 ——1-*0-11-
253 5 444 21 Ἴ--τ-’-“’-·-··““

59 219 151 290 [1,ee.]
188 226 239 272 oe
256 224 532 274 snoudunam
546 220 677 272 'senno
696 229 727 274 11.
826 201 856 286 tt'

58 336 160 386 nactus
168 327 273 382 bonum
282 325 350 381 velit
360 326 625 397 notataquicqusm‚
645 337 676 383 ut
688 325 860 400 superfluum

58 403 147 459 de'iis
160 418 232 474 quoe
246 403 276 456 in
289 400 412 455 materiis
432 400 636 456 discernuntur.
676 402 860 474 Sophismatis
956 405 960 413 ”

58 478 136 534 enim
146 493 216 549 opus
226 485 269 531 est
277 475 361 530 verba
372 477 542 548 excogitare,
564 478 715 549 supientiae
726 495 792 534 vero
802 481 861 533 sin·

58 553 307 626 guleexaminere,
328 567 401 621 quae
413 551 442 604 in
456 560 726 617 anturnacensium,
748 553 861 609 honesta

58 627 196 683 modestia
205 635 363 698 eteongrut
372 628 548 697 perceptione
558 625 615 699 (aut
624 628 829 701 acceptatione).

118 721 161 776 tt.
181 717 377 774 Aetnensi.
397 716 508 773 Videris
527 732 642 790 arguere
660 733 718 785 me,
739 719 858 784 oPhilo,
901 771 904 776 .

61 805 204 865 tamquam
214 793 329 864 indigne
340 791 471 847 terentem
481 792 550 846 haec
560 801 586 847 et
594 803 682 848 tanta:
709 811 759 868 ego
770 804 862 850 tamen

59 869 137 925 haud
148 869 222 923 soleo
232 868 376 923 hominum
385 868 518 922 rationem
528 867 643 933 habere,
656 879 687 924 ut
697 869 765 925 dicit
774 870 860 934 Plato,

58 944 111 1000 sed
121 959 193 1015 quae
203 942 334 998 videntur
342 942 412 996 mihi
422 943 578 1014 perspicua,
593 942 686 998 dicere
696 945 756 998 sine
768 959 863 1000 assen-

5 1038 6 1041 ’
59 1020 173 1074 tatione.
211 1017 301 1084 Quare
319 1033 393 1071 nunc
413 1017 495 1070 etism
513 1017 644 1088 quonism
663 1021 707 1072 me
720 1019 802 1074 ualde
817 1022 863 1074 in-

59 1095 178 1164 crepitat
195 1093 399 1147 animadversio
416 1100 510 1145 eontra
529 1091 746 1163 providentiam,
771 1101 862 1148 tacere

5 1182 6 1187 ’
58 1169 173 1225 omniuo
191 1184 245 1222 non
263 1183 391 1239 possum:
420 1183 484 1220 ecce
498 1167 575 1221 enim
587 1170 714 1238 pervenit
726 1185 816 1239 tuque
831 1169 861 1222 iu

63 1245 190 1317 linguam
199 1252 226 1298 et
235 1259 280 1308 os,
296 1251 327 1296 ut
337 1240 498 1313 respirando
509 1240 646 1313 proteram
655 1243 809 1312 sequentia.

117 1338 162 1390 53.
185 1335 353 1389 Immensum
366 1350 499 1397 vacuum,
521 1341 551 1387 ut
565 1334 715 1387 novissime
733 1332 861 1388 nonnulli
926 1345 933 1362 ·

60 1411 169 1474 dicunt,
181 1409 261 1465 datur
270 1409 356 1481 idque
366 1408 503 1464 excedens
513 1415 646 1476 mentem3
674 1415 859 1478 patetautem‚

5 1490 6 1493 ’
58 1483 136 1559 quod
147 1500 200 1539 non
211 1492 252 1539 est
266 1485 368 1539 lactum
383 1483 537 1539 secundum
551 1482 767 1555 providentiam,
789 1484 861 1538 siout

5 1557 6 1564 '
58 1578 152 1633 neque
166 1560 253 1616 locus.
292 1562 341 1615 Est
350 1561 438 1625 enim,
453 1559 687 1631 quemadmodum
701 1559 861 1632 syllogistae

5 1651 6 1662 ¹
58 1637 172 1701 dicunt,
193 1652 327 1700 vacuum,
349 1635 425 1690 locus
439 1652 505 1690 mox
520 1652 535 1688 a
550 1650 661 1707 corpore
672 1634 860 1705 occupandus.

56 1712 145 1783 Atqui
156 1710 180 1765 si
191 1727 242 1765 nec
251 1711 328 1766 locus
342 1727 433 1782 neque
446 1709 621 1781 superficies,
643 1726 709 1782 ergo
722 1726 813 1782 neque
827 1709 861 1764 fi-

5 1843 6 1846 ,
57 1804 130 1861 gnra
148 1785 245 1841 mundi
266 1785 420 1841 secundum
439 1784 641 1856 providentiam
659 1786 688 1839 in
707 1800 804 1841 verum
821 1782 858 1860 [Ἴ

57 1860 176 1936 globum
194 1861 280 1933 polita
299 1867 351 1915 est.
395 1859 529 1933 Sequitur
545 1868 623 1934 ergo,
652 1862 735 1915 etiam
755 1870 861 1916 caetera

5 2003 6 2007 ἵ
56 1938 153 1992 omnia
166 1936 226 1990 sine
240 1935 458 2009 praesidentiu*)
472 1935 543 1990 facte
557 1935 643 1990 luisse
662 1946 689 1992 et
702 1937 860 1993 visitatione

57 2012 90 2084 (i.
103 2028 128 2066 e.
140 2011 329 2083 providentiae
339 2009 415 2084 cura)
425 2027 527 2065 carere.
564 2010 637 2077 Quin
648 2013 703 2065 imo
714 2020 740 2065 et
750 2019 860 2081 tempus

57 2085 266 2154 estinfinitum3
293 2102 384 2157 neque
394 2102 459 2158 ergo
468 2086 529 2140 iure
540 2084 642 2140 dicitur
651 2102 701 2157 per
710 2086 860 2158 providen-

56 2163 128 2217 tiam
138 2160 184 2215 dei
194 2177 264 2215 esse.
294 2160 408 2227 Quodsi
419 2161 602 2225 itasehabet‚
614 2174 679 2233 ergo
690 2177 780 2232 neque
788 2170 860 2215 tem-

55 2237 136 2311 poris
147 2238 296 2300 sectiones,
318 2234 379 2290 dies
388 2245 414 2290 et
424 2244 518 2291 noctes
528 2252 691 2307 mensesque
702 2245 783 2307 atque
794 2236 859 2288 anni

57 2320 86 2367 et
97 2320 154 2367 tota
163 2312 351 2366 circumactio.

114 2404 158 2457 ot.
183 2400 413 2474 Quandoquidem
428 2418 493 2457 vero
508 2400 544 2454 ad
557 2399 779 2470 incorporeorum
789 2414 859 2468 quo-

55 2494 115 2550 que
133 2477 309 2532 escendimus
329 2478 475 2540 rationem,
498 2491 548 2528 nec
568 2490 599 2527 ea
617 2471 858 2544 piaetermittenda

55 2560 138 2616 sunt,
150 2552 224 2607 unde
234 2552 396 2607 dialecticae
405 2551 580 2623 quaestiones
591 2555 618 2602 et
630 2546 708 2603 ideae
718 2554 855 2617 constent3

56 2627 191 2699 quoniam
210 2628 386 2700 quaestiones
404 2627 471 2681 istas
493 2624 529 2679 de
554 2621 687 2678 absolutis
709 2622 857 2677 nominatis

108 2769 131 2817 ὓ)
144 2770 168 2809 lt.
180 2778 201 2809 e.
214 2770 262 2810 tine
274 2771 347 2811 mente
359 2766 456 2818 multe
468 2765 505 2805 vel
516 2764 731 2807 mouumentum.
756 2762 837 2803 Aaou·

92 2818 205 2871 Pano
223 2821 296 2873 Vlll.
629 2814 654 2865 F
