2050 3100
71 206 105 270 [11,
118 206 172 271 itt]
229 213 270 258 IN
289 214 461 259 GENESIN.
485 214 613 261 ΒΕῙὶΜΟ
631 213 674 260 IV.
819 212 851 263 89

70 310 133 365 Cinis
142 320 230 367 autem
240 312 358 367 alterum
367 313 430 386 (erit
438 314 594 387 symbolum
612 356 618 379 ,
639 315 705 386 quia
715 317 863 389 quicquid¹

69 385 232 456 reliquiarum
241 388 358 443 mortale
371 390 552 443 commixtum
564 387 590 464 [*
612 399 682 454 erat,
702 408 751 463 per
762 392 850 465 legem

67 462 161 529 pietatis
178 462 343 527 subactum,
365 464 552 519 examinatum
571 481 603 519 ac
621 465 767 535 probatum
787 466 848 531 tuit,

67 535 99 588 uti
111 552 156 606 per
168 537 262 609 ignem
277 554 391 603 aurum,
413 545 441 593 et
452 539 482 593 in
491 540 598 595 intimis
608 542 777 597 orationibus
787 560 851 614 per-

67 611 151 665 mansit
161 613 286 683 probitas
296 613 368 669 eius.

69 763 123 821 deu
137 780 169 818 est
184 770 278 833 „Abiit
296 766 415 833 damiane,
431 805 436 815 .
441 780 569 835 postquam
592 774 691 823 cessavit
715 774 781 838 loqui
799 792 850 824 cum

120 834 255 967 galgan?
283 849 308 889 et
320 838 445 888 Abraham
457 856 563 889 reversus
576 850 610 889 est
623 840 648 889 in
663 842 735 891 locum
750 846 850 891 euum“?

163 941 170 967 ,
222 939 229 955 .

108 1015 146 1070 tl.
174 1014 228 1083 Qui
247 1025 359 1074 creatus
375 1026 577 1091 generatusque
595 1026 649 1085 est,
671 1036 725 1074 non
737 1038 849 1093 ¹semper

69 1082 175 1144 deumin
189 1109 219 1146 se
233 1110 333 1166 gerere
346 1092 399 1147 fuit
416 1093 529 1157 solitus,
555 1093 604 1149 sed
622 1110 709 1165 quum
728 1112 777 1165 per
797 1098 849 1151 ali·
929 1130 934 1143 ·

67 1162 128 1228 quod
140 1171 247 1238 tempus
266 1167 464 1232 divinavisset,
499 1169 601 1222 iterum
616 1169 762 1223 revertitur
776 1170 805 1224 in
819 1188 849 1225 se

66 1234 156 1303 ipsum:
186 1241 247 1297 fieri
262 1243 340 1300 enim
354 1243 463 1314 nequit,
484 1250 516 1297 ut
530 1242 645 1314 spiritus
654 1242 685 1295 in
695 1259 776 1297 carne
786 1260 849 1315 per-

68 1323 157 1369 severet
169 1326 319 1390 perpetuo,
339 1318 416 1373 nullo
428 1312 571 1373 obstleulo
580 1314 666 1388 pedes
680 1316 846 1387 offendenta;

67 1385 107 1439 ted
118 1405 224 1448 necesse
238 1402 295 1459 est,
316 1401 347 1448 ut
362 1393 457 1465 purior
469 1392 518 1447 ille
528 1388 686 1447 intellectus
696 1392 849 1450 identidem

68 1464 160 1519 nomli
169 1470 380 1524 commisceatur
389 1475 501 1540 propter
510 1484 581 1539 opus
590 1469 787 1524 necessarium.
817 1470 849 1526 ld

68 1531 146 1603 ipsum
154 1550 206 1609 est,
217 1544 295 1616 quod
304 1543 481 1601 obumbravit
488 1561 539 1615 per
547 1544 635 1600 scalas
646 1544 787 1612 caelestes,
798 1546 848 1602 ubi

68 1614 203 1672 noneolum
213 1637 356 1684 ascensus,
372 1619 423 1677 sed
436 1618 518 1674 etiam
526 1614 677 1677 ¹descensus
688 1622 848 1694 angelorum

70 1688 191 1746 meritur.
238 1697 393 1751 Descensus
415 1703 507 1749 autem
527 1712 712 1768 ascensusque
729 1696 765 1752 de
783 1715 848 1768 pro·

70 1756 246 1841 piendum,
267 1771 392 1826 velocem
402 1771 642 1826 commutationem
652 1771 773 1826 declarat
782 1789 848 1827 con-

72 1831 131 1916 Sl!
148 1841 298 1901 Consilium
307 1863 373 1901 vero
382 1862 448 1900 cum
456 1861 506 1900 sua
517 1847 727 1901 commutatione
736 1848 856 1903 omnino

72 1909 264 1977 smilitndinem
274 1920 327 1977 fert
335 1920 370 1976 ad
379 1920 458 1984 illos,
469 1921 519 1991 qui
529 1921 680 1976 studiosam
690 1921 795 1995 degunt
803 1923 848 1978 vi·

71 1986 168 2062 Qpro
177 1994 305 2051 athletica
317 1996 425 2067 quiete:
456 2011 547 2066 quant
555 2005 643 2050 astute
658 1999 848 2070 excogitarunt

73 2066 240 2125 msductionis
250 2071 386 2144 magistri,
400 2086 455 2125 non
462 2077 495 2124 ut
504 2087 603 2142 corpus
613 2073 848 2144 contumeliapm-

73 2144 215 2208 Wflnuu,
233 2145 286 2200 sed
299 2153 331 2200 ut
340 2151 423 2217 queat
433 2144 540 2200 labores
550 2147 726 2202 imminentes
737 2147 847 2203 facilius

74 2204 180 2289 nullom,
198 2234 286 2290 quum
297 2237 352 2276 non
366 2220 505 2276 continuis
520 2219 765 2296 laboribusailligi
784 2240 848 2294 per-

76 2289 187 2344 tutatur,
223 2294 303 2361 Quod
321 2305 348 2351 et
365 2296 396 2351 in
412 2296 603 2352 instrumentis
616 2297 675 2352 suis
689 2299 788 2354 musici
802 2315 848 2354 ac·

76 2367 151 2415 curato
163 2365 318 2436 observant,
341 2387 440 2426 nervos
455 2371 622 2438 relaxantes,
643 2389 679 2428 ne
692 2375 779 2428 nimia
792 2381 851 2428 tor-⁸

77 2434 126 2508 {¹11³
134 2434 285 2500 tractionem
298 2447 447 2518 patiantur.
484 2446 588 2502 Eadem
602 2447 707 2504 ratione
716 2457 743 2504 et
751 2456 848 2502 natura
861 2499 864 2515 ,

80 2515 126 2570 lpse
134 2527 221 2572 vocem
229 2523 409 2577 animantium
418 2521 647 2587 accommodavit,
668 2532 760 2578 utnon
770 2523 848 2576 iuxta

78 2589 146 2638 unam
154 2588 343 2661 intensionem,
359 2596 409 2651 sed
419 2596 585 2652 omnimodis
595 2597 795 2651 variationibus
805 2613 853 2668 re-v

81 2646 178 2718 hxludo
190 2683 220 2722 ac
235 2671 401 2733 intendendo
419 2679 531 2726 cantum
551 2670 672 2725 ederent.
711 2668 849 2733 Quemad-

83 2728 173 2792 ⁰¹⁰d11ni
185 2741 274 2817 itaque
287 2763 342 2803 non
356 2747 446 2802 solum
461 2746 496 2800 ad
511 2743 725 2800 disiunctionem
735 2742 851 2812 amplio-
904 2747 906 2752 “
