2050 3100
46 176 153 245 [1‚ses.]
230 182 317 230 ‘nin
336 185 387 230 nn
409 159 651 231 mummius.
798 179 846 235 ⁴57

47 291 131 339 antea
143 281 303 338 collectione
317 282 388 339 facta
398 284 492 339 condit
504 286 534 339 in
544 284 687 341 thesauros
694 284 809 341 formica
819 296 846 343 at

46 358 147 413 horrea
156 357 213 411 sibi
222 359 301 428 prius
310 358 405 428 parnt‘l
422 360 471 413 llis
484 359 583 415 utilius
595 360 625 415 in
635 376 705 431 opus
718 361 776 417 exit
786 364 846 433 apis

47 440 78 488 et
87 432 209 487 collectis
218 430 332 487 floribus
342 433 499 504 alvearique
509 434 783 505 pulchreconstructc
792 437 847 491 mi·

46 505 127 561 ritice
140 506 194 563 mel
208 505 284 562 facit.
322 509 361 561 lta
375 508 489 577 quidem
502 524 553 581 ego
570 510 652 565 etiam
670 508 741 565 dioc.
780 510 847 567 Dico

47 577 142 636 tamen
152 580 219 635 haec
228 580 431 652 providentiae,
451 599 507 637 non
520 584 682 639 animalium
690 584 796 641 ratione
806 582 843 659 [Ἴ

48 656 215 720 carentium,
226 655 277 710 ssd
286 657 361 720 eius,
372 657 422 727 qui
430 657 588 713 universam
598 658 754 715 moderatur
764 667 845 715 natu·

47 747 124 792 ram.
139 746 200 784 esse
212 729 369 785 tribuenda.
407 730 481 785 lllud
490 732 564 787 enim
575 732 696 805 (animal)
705 732 777 789 nihil
788 734 846 805 agit

47 804 202 861 intellectu.
240 805 289 859 Isti
303 821 368 859 vero
382 802 454 875 (deo)
468 821 533 859 cura
548 814 589 861 est
603 808 687 861 variis
702 806 843 871 derebus,

47 887 83 933 ut
97 879 227 935 nimirum
241 879 426 933 sicutcreator
439 880 572 949 impetum
584 880 755 951 singularum
769 899 845 941 creta·¹

47 963 174 1009 turanum
192 954 354 1026 constringit
372 969 404 1007 ac
427 953 582 1008 corroborat
604 954 638 1007 ad
663 947 706 1017 id,
735 964 845 1025 propter

47 1026 126 1099 quod
135 1026 222 1083 laetae
230 1036 309 1092 eunte
322 1029 383 1084 sive
396 1026 431 1082 ad
441 1044 515 1092 eam,
534 1043 604 1099 quae
615 1026 735 1099 singulis
744 1044 845 1083 conve·

47 1103 106 1165 nit,
119 1101 322 1173 perfectionem.

107 1228 149 1282 93.
167 1224 242 1293 Quae
251 1244 316 1282 vero
324 1225 454 1294 dicuntur
464 1225 499 1281 de
507 1224 595 1281 Pinna
605 1232 631 1282 et
641 1222 759 1280 satellite
772 1226 842 1289 eiua,

47 1318 222 1361 communem
241 1303 397 1357 societatem
415 1298 614 1365 demonstrant,
644 1316 771 1371 quaeque
789 1316 844 1354 non

46 1376 136 1451 gratis
146 1376 219 1432 dicta
229 1385 294 1431 sunt
304 1378 359 1440 eis,
380 1377 429 1447 qui
444 1374 570 1447 persuasi
579 1374 614 1430 de
624 1374 782 1429 inventione
795 1391 844 1429 ve·

47 1453 139 1511 ritatis
149 1451 322 1506 manifestare
333 1468 390 1505 rem
400 1451 526 1504 nituntur
541 1448 698 1518 artificiose;
720 1446 791 1505 nihil
802 1457 844 1503 ta-

46 1544 114 1582 men
125 1527 219 1583 iuvant
228 1527 304 1591 illos,
325 1526 374 1597 qui
384 1525 534 1597 sapientiae
545 1524 650 1580 ducunt
659 1541 732 1590 esse,
750 1541 843 1598 repre-

47 1601 171 1657 hendere
181 1602 353 1675 sapientiam.

106 1729 150 1782 et.
168 1726 302 1799 Quisquis
312 1735 402 1782 antem
411 1725 542 1790 haesitat,
557 1725 645 1782 discat
653 1741 690 1780 ex
699 1725 843 1782 arboribus

45 1802 223 1875 plantisque,
234 1811 329 1856 utnon
338 1802 501 1874 decipiatur.
528 1802 583 1858 Hae
594 1802 668 1856 enim
676 1799 729 1856 etsi
738 1799 843 1856 nullam

44 1877 284 1932 habasntenimae
293 1885 412 1948 partem,
427 1885 519 1932 tamen
534 1875 727 1932 familiaritatis
740 1875 844 1930 abalie-

45 1952 224 2022 nationisque
242 1968 301 2006 non
319 1952 453 2006 minorem
470 1950 628 2023 praeterunt
646 1948 844 2006 manifestatio-

44 2043 125 2082 nem.
162 2028 490 2089 eenamcenam,
509 2034 591 2096 atque
601 2034 740 2096 tamquam
750 2023 844 2078 osculo

45 2101 208 2156 dilectionis
222 2100 368 2155 salutando
386 2101 587 2171 amplectuntur
605 2116 635 2156 se
653 2098 787 2160 invicem,
813 2103 844 2150 ut

44 2175 277 2238 olivamhedera,
297 2175 526 2230 etulmumvitis.
564 2173 844 2243 Aliquestemennon

44 2251 140 2306 solum
150 2258 289 2306 aversatur
297 2248 397 2321 (vitis),
413 2265 510 2305 verum
522 2248 606 2302 etiam
615 2247 713 2307 evitat,
727 2242 845 2298 manile·

43 2334 91 2380 ste
99 2325 247 2380 ostendens
256 2325 287 2378 in
296 2323 428 2394 adspectu
438 2339 502 2385 suo,
513 2321 589 2392 quod
598 2321 627 2374 in
638 2319 731 2390 lugam
742 2334 772 2372 se
782 2335 845 2372 ver-

42 2406 133 2462 teret,
147 2399 172 2452 si
180 2399 266 2470 pedes
276 2398 402 2466 haberet3
418 2407 500 2468 atque
509 2397 622 2467 languet
631 2410 685 2450 non
695 2392 843 2458 modicum,

43 2476 72 2530 si
87 2474 204 2544 propius
217 2473 342 2537 accedat,
362 2473 495 2543 quoniam
508 2471 616 2525 steriles
626 2467 778 2524 redduntur
786 2468 845 2536 pri-

43 2565 110 2604 mae
125 2549 186 2602 eins
200 2549 413 2620 germinationes
430 2554 457 2600 et
471 2546 594 2617 germina
607 2542 738 2615 producta
755 2540 845 2596 adbuc

42 2628 154 2680 restant
163 2629 193 2679 ut
202 2623 324 2678 novella:
338 2623 377 2676 ita
386 2629 417 2676 ut
425 2619 604 2677 invisibiliter
614 2618 780 2680 exsiccetur,
792 2614 845 2670 alia

42 2713 162 2772 quoque
171 2697 306 2768 paulatim
315 2694 475 2766 mulgendo.
556 2745 559 2752 ,
