2050 3100
65 204 163 270 [nate]
225 210 266 255 IN
290 210 470 257 GENESIN.
490 212 618 257 SERMO
639 212 681 258 tv.
821 208 854 257 99

64 402 143 465 Quare,
166 405 208 468 qui
227 405 359 455 edmnmnt
377 406 469 471 maroeli,
492 404 609 456 dixerint:
630 406 734 469 „Solea
752 408 854 457 anirnam

118 480 192 533 tuom,·
210 490 240 521 re
259 475 392 537 respexeris
407 484 546 536 retrorsum,
564 491 608 523 nee
621 475 713 523 steteris
727 476 752 524 in
765 478 854 524 eunctis

118 539 291 601 diefim'lrue“?
308 543 427 603 (19,17.)

107 660 146 711 l5.
166 660 365 731 Magistrorum
378 677 438 714 mos
456 669 510 713 est:
532 659 644 730 qnando
658 662 779 716 alumnis
794 663 854 715 suis

61 742 172 787 enarrent
189 733 329 789 theoriam
348 734 484 805 aliquam,
509 737 685 806 praecipiunt
703 752 854 791 memorare

60 808 217 879 recitareque
238 827 292 880 per
312 827 342 863 se
361 810 447 881 ipsos.
494 811 566 864 Huic
583 812 714 866 similiter
733 820 760 865 et
779 828 854 865 nunc

61 882 177 937 mandant
188 883 289 939 divina
300 886 353 938 ista
367 884 465 947 verba,
485 884 623 939 dicentes:
639 886 716 948 Otu,
731 885 853 939 amultis

61 970 115 1009 ecce
124 960 297 1029 temporibus
305 960 518 1013 enunciavimus
528 960 581 1013 tibi
590 960 742 1031 condigna,
754 977 853 1031 appre-

61 1028 198 1087 hendentes
213 1043 241 1088 et
254 1051 372 1088 manum
390 1033 607 1105 conduximus*)
622 1034 657 1089 ad
671 1035 797 1089 decentia
814 1032 850 1107 [Ἴ

62 1104 194 1177 utiliaque:
217 1126 333 1164 movere
343 1110 435 1179 itaque
445 1100 579 1179 deinceps
588 1118 615 1162 et
625 1120 656 1163 tu
666 1126 715 1178 per
725 1120 765 1169 te,
787 1109 853 1161 edo-

62 1186 112 1232 ctus
124 1184 259 1252 quomodo
273 1183 331 1237 tibi
346 1183 510 1239 salvandum
523 1193 577 1249 est,
603 1200 702 1237 conare
715 1184 854 1253 integrum

62 1270 157 1310 servare
170 1274 268 1322 omne,
292 1257 368 1328 quod
383 1259 461 1313 iuxta
475 1256 629 1313 doctrinam
648 1258 730 1328 (est),
757 1266 853 1325 sponte

63 1343 103 1393 per
115 1338 138 1383 te
152 1333 321 1388 voluntariis
335 1333 468 1387 moribus.
508 1334 580 1387 llaec
594 1333 670 1386 dicat
684 1340 710 1386 et
728 1330 853 1384 medicus
899 1338 911 1350 “

64 1400 92 1453 ad
105 1420 174 1469 enm,
200 1410 251 1479 qui
266 1424 319 1479 per
332 1406 414 1461 illum
428 1404 540 1462 sanatus
558 1418 600 1462 est
614 1415 754 1479 aegrotus:
783 1407 820 1459 Te
838 1423 852 1457 a

65 1478 145 1533 morbo
159 1481 295 1545 liberavi,
318 1489 344 1536 et
359 1484 466 1543 cunetis
477 1483 586 1538 viribus
601 1483 668 1537 artis
680 1482 733 1536 tibi
744 1480 849 1554 prolui3

65 1567 127 1607 nuno
140 1559 313 1630 ergo'salvus
324 1566 351 1612 et
362 1575 458 1621 sanus,
480 1559 546 1612 vide
560 1577 595 1613 ne
605 1557 711 1613 recidas
722 1559 752 1611 in
763 1558 854 1629 aegri-

64 1626 187 1696 tudinem,
207 1635 247 1688 ita
263 1641 296 1687 ut
309 1632 421 1688 aliunde
435 1633 536 1688 iterum
550 1650 631 1706 egeas
641 1633 781 1695 sanitatis,
803 1632 853 1684 sed

66 1701 188 1774 integrum
200 1717 226 1763 te
240 1725 389 1773 conserva,
409 1708 533 1762 salubria
542 1721 690 1780 usurpans.
730 1708 854 1760 Primum

66 1775 145 1847 itaque
157 1784 318 1838 mandatum
329 1791 371 1837 est
381 1783 489 1838 datum:
516 1783 599 1837 Soloe
609 1793 644 1845 te,
671 1799 724 1837 non
740 1781 853 1835 aliunde

67 1849 167 1909 salutem
180 1858 352 1930 adipiscens.
397 1859 431 1912 Et
449 1858 579 1912 alterum:
610 1858 650 1913 Ne
667 1862 793 1925 respicias
810 1873 853 1909 re-

68 1928 209 1984 trorrtm—
219 1932 428 2005 philosophice3
454 1933 606 2003 posteriora
616 1949 735 2003 namque
749 1932 779 1985 in
793 1947 854 1984 eor-

68 2013 122 2066 pore
134 2009 210 2074 quasi
224 2025 307 2062 caeca
322 2016 348 2062 et
361 2007 539 2062 insensibilia
549 2015 626 2061 sunt:
654 2007 750 2062 videre
761 2014 853 2060 autem

69 2084 134 2130 acute
143 2079 264 2137 hortatur
273 2092 407 2145 mentem,
429 2091 460 2136 ut
472 2090 619 2154 postquam
631 2081 739 2154 aufugit
749 2082 854 2151 impro-

70 2145 122 2213 boa,
141 2158 264 2227 stupidos
279 2166 305 2212 et
321 2158 429 2221 atheos,
451 2156 556 2212 relictis
570 2157 607 2210 iis
621 2158 697 2211 omni
707 2155 853 2228 diligentia
917 2181 924 2190 ·

70 2219 164 2283 festinet
182 2231 216 2286 ad
237 2232 414 2287 sobrietatem
433 2231 628 2287 continentiae.
676 2230 752 2285 Alias
772 2228 853 2284 multi

71 2303 193 2370 tamquam
210 2307 240 2361 in
259 2316 371 2379 portum
389 2299 611 2362 revecti'iternm
632 2307 661 2359 in
679 2305 754 2360 idem
768 2304 854 2357 detri-

71 2383 177 2433 mentum
187 2398 218 2435 ac
232 2382 383 2438 discrimen
399 2390 463 2437 sunt
477 2381 596 2443 attracti,
618 2382 750 2452 quoniam
763 2395 854 2432 reces-

72 2461 124 2500 sum
136 2461 160 2506 et
173 2455 379 2513 derelictionem
394 2473 448 2511 non
463 2456 613 2511 constantis
628 2454 739 2510 consilii
750 2454 854 2506 ratione
877 2487 883 2505 .

73 2516 185 2582 lacerant.
222 2531 345 2588 Tertium
360 2541 451 2587 antem
466 2529 625 2586 mandatnm
643 2531 772 2584 divinum
791 2525 852 2584 luit,

74 2635 262 2661 K..

76 2695 135 2793 'mli
151 2701 225 2796 {tw
241 2711 269 2751 te.
284 2705 321 2745 vel
339 2706 420 2754 potins,
436 2707 460 2744 nt
475 2705 571 2742 indicant
588 2702 662 2744 codd,
676 2700 739 2736 tetam
756 2698 796 2738 (nc.
810 2704 854 2731 mn·

605 2801 650 2848 Ga
