2050 3100
174 244 224 303 ete
282 252 380 297 euru.
402 249 478 297 run.
500 250 663 308 Quaua‘r.
682 250 732 295 un
751 249 830 293 sou.
856 241 900 309 [11,
914 241 984 307 aar]

173 350 435 409 aliomodoofferre.
467 352 563 422 ltaque
571 349 606 405 ad
615 348 733 405 bostiam
742 346 909 403 offerendam
919 356 996 401 tres-

173 428 221 482 isti
234 435 312 481 sunt:
343 427 419 491 ovis,
436 424 500 491 boa,
517 442 612 498 oaper;
641 423 676 479 ad
688 424 781 478 cibum
791 440 856 478 vero
864 430 984 493 praeter

172 501 545 573 illosaliiquoqueseptem:
575 516 686 571 caprea.
702 515 813 563 oervus,
832 497 984 552 biroooer-

172 594 240 642 vus,
256 576 389 641 bubalus.
406 592 560 649 pygargus,
574 592 656 648 oryx,
669 572 888 645 camelopardus,
902 588 982 643 quo-

172 670 235 707 rum
245 652 438 724 unusquisque
449 667 550 706 oornua
560 649 782 723 iertgerminata.
816 647 881 704 Vult
895 648 981 701 euim

173 735 200 781 et
214 726 248 782 ad
263 727 357 782 eibum
373 726 540 798 pertinentes
556 722 739 797 distinguer&
770 723 900 795 quoniam
921 723 979 778 etsi

173 802 223 855 vix
242 800 443 866 sacrificantur,
464 800 572 856 similes
587 809 679 855 tamen
693 797 879 855 saorifioandis
892 805 974 861 sunt,

173 883 267 946 utpote
282 874 332 946 qui
354 884 488 948 usurpant
507 892 567 941 eos.
588 875 660 930 nihil
679 874 844 930 eontrarium
861 872 907 927 vel
930 874 979 926 in·

171 948 289 1021 dignum
304 966 335 1003 ao
350 949 471 1005 alienum
487 968 501 1006 a
520 949 654 1005 sacrificio
674 949 796 1005 offerant.
840 945 975 1003 Secundo

171 1040 273 1078 cornua
288 1023 322 1079 ad
337 1034 453 1096 quatuor
467 1034 559 1098 partes
572 1025 669 1080 mundi
683 1025 821 1080 declinant
830 1030 973 1095 porrecta:

171 1099 201 1153 in
211 1106 301 1154 ortum
311 1108 338 1154 et
348 1116 489 1165 oceasum,
507 1100 652 1172 meridiem
667 1117 698 1155 ae
710 1101 876 1172 plaustrum;
903 1099 976 1169 quin

171 1175 313 1240 conuenit,
335 1176 428 1247 utqui
443 1176 471 1230 in
487 1177 593 1230 cunetis
608 1174 823 1247 summatibus,
842 1174 873 1227 in
885 1189 976 1227 unam

171 1249 243 1305 bano
259 1267 333 1305 aram
347 1266 441 1305 omnes
456 1252 568 1306 omnino
582 1251 719 1322 primitias
735 1266 766 1305 ao
780 1265 864 1304 novas
880 1247 976 1302 addu-

171 1333 247 1390 cant,
267 1324 465 1396 immolentque
475 1325 579 1381 hostias
589 1326 660 1397 patri
670 1321 768 1380 mundi
778 1323 839 1379 deo.
879 1324 974 1378 Tertio

170 1400 324 1455 secundum
338 1400 509 1473 symbolum,
525 1402 656 1471 quoniam
666 1416 799 1455 cornuum
808 1398 973 1471 pullulatio-

171 1492 235 1530 nem
249 1475 326 1531 dedit
339 1492 389 1547 pro
404 1476 487 1530 armis
501 1474 654 1531 defensivis
669 1475 835 1531 animalibus
850 1473 973 1529 carnile-

171 1552 220 1604 ris.
260 1550 339 1606 Siout
353 1553 418 1624 ergo
429 1551 604 1616 immolandi,
622 1553 705 1616 aries,
720 1560 815 1606 taurus
826 1550 968 1613 ethirous,

171 1624 343 1680 adversarios
363 1625 506 1698 expellunt
526 1627 670 1692 comibus,
690 1628 733 1681 sio
750 1626 837 1682 voluit
855 1626 967 1696 impios,

170 1698 220 1770 qui
239 1699 406 1755 sacrificium
427 1700 523 1757 oflerre
541 1710 734 1773 praesumunt,
757 1700 967 1773 reprehendere,

171 1774 286 1850 docens,
307 1777 382 1847 quod
397 1784 537 1849 tamquam
551 1777 674 1832 inimicis
693 1777 815 1833 veritatis
834 1793 864 1831 se
881 1793 970 1847 oppo-

170 1867 238 1905 nens
249 1851 364 1923 expellit
373 1850 502 1908 divinum
512 1851 640 1917 verbum,
662 1851 805 1907 lacerando
819 1850 895 1907 velut
907 1867 969 1906 oor-

171 1926 253 1981 nibus
266 1943 376 1982 omnem
391 1927 510 1982 animam
525 1936 552 1983 et
564 1927 740 1984 monstrando
759 1926 833 1982 nude
850 1925 969 1981 nefanda

169 2001 230 2056 eius
240 2019 336 2074 opera,
353 2019 425 2074 quae
433 2002 517 2075 paulo
528 2011 590 2058 ante
602 2002 760 2059 occultavit.
799 2001 968 2074 Quapropter

169 2093 223 2130 non
234 2085 409 2148 apponuntur
419 2096 503 2151 supra
512 2079 634 2135 exterius
645 2095 759 2142 cornua,
779 2077 828 2132 sed
839 2084 913 2133 unito
924 2079 968 2132 iu-

168 2150 250 2206 betur
260 2168 295 2206 ex
303 2153 365 2225 ipso
376 2153 454 2210 alteri
466 2154 534 2209 haee
544 2153 707 2226 producere3
738 2153 869 2224 quoniam
884 2160 911 2208 et
923 2171 968 2208 sa·

169 2225 317 2284 crificenda
329 2225 365 2302 [⁴¹³]
378 2229 527 2285 animantia
541 2247 577 2285 ex
591 2247 621 2285 se
635 2230 705 2302 ipsis
719 2228 822 2284 habent
833 2244 967 2284 oornuum

168 2301 406 2374 germinationem.

205 2449 286 2507 Quare
295 2467 355 2502 eoae
365 2451 449 2503 altone
459 2455 538 2504 omnia
546 2490 563 2518 „
570 2471 646 2504 aeneo
653 2458 670 2486 “
678 2455 818 2518 itabetfien’t
830 2459 883 2534 (27,
895 2458 932 2516 8.)

199 2554 282 2634 ¹⁴⁰2.
303 2551 741 2626 Sanguineommottorearaest:
771 2558 902 2629 quoniam
916 2556 967 2612 bo-

167 2637 257 2676 mmes
267 2627 369 2695 gratias
380 2636 477 2700 agunt.
493 2630 661 2686 immolando
670 2633 753 2687 etiam
764 2632 882 2697 hostias,
894 2632 967 2687 siout

76 2745 79 2752 ,
168 2701 195 2745 et
208 2711 243 2747 ex
257 2695 384 2768 frugibus
398 2702 551 2771 primitias.
573 2713 600 2758 et
613 2722 698 2760 novas
712 2723 747 2761 ex
761 2706 898 2762 frumento
910 2723 964 2762 una

168 2779 230 2816 eum
246 2766 333 2823 farina
346 2771 474 2839 offerunt,
496 2784 572 2830 etex
586 2779 651 2834 vino
664 2780 812 2847 libamina,
832 2798 887 2836 uua
901 2798 963 2836 eum
