2050 3100
137 153 186 205 alo
218 158 316 203 PHIL.
335 154 409 201 IUD.
429 154 595 212 QUAEST.
614 152 663 199 ΕΤ
682 154 761 200 SOL.
775 146 929 214 [11,l5alat.]

136 256 254 328 migrare
272 253 307 329 [Ἴ
326 270 437 309 necesse
453 254 549 318 habet,
569 260 601 309 ut
613 254 930 325 participat'sanguinem

137 337 282 403 cognatum
296 328 435 401 virtuti*).

173 484 253 543 Quare
270 483 369 534 mandat
385 494 452 535 nocte
469 500 564 534 carnem
579 484 675 535 Ploacc
692 485 776 534 ederet
798 490 853 550 (12,
864 487 899 548 8.)
996 541 997 560 χ

193 591 234 641 la.
258 585 301 641 ad
319 585 451 651 litteram,
475 585 611 644 beneficio
624 594 703 644 nocte
720 585 805 651 iacto,
831 595 932 641 rectum

137 662 189 717 tuit
199 660 352 716 secundum
361 660 486 715 ordinem
496 661 579 716 etiam
588 663 765 729 mactationes
774 677 825 732 pro
835 661 933 733 gratia·
996 667 997 710 ἰ

136 754 198 792 rum
213 736 318 797 actione
333 734 417 791 lactas
432 735 528 790 ecdem
538 744 660 807 tempore
669 736 794 791 consumi
806 735 842 789 ab
853 735 933 790 eden-

135 811 221 866 tibus.
265 809 308 867 Ad
327 818 447 865 mentem
465 826 543 872 vero,
569 810 750 865 invisibiliter
771 816 856 880 atque
876 809 932 863 sine
996 817 997 870 l

135 886 315 941 ostentatione
329 884 470 955 oportebat
489 882 578 938 lacere
596 885 750 939 animarum
768 884 933 939 munditiam
996 883 997 900 ¹

135 976 195 1023 cos.
217 960 266 1029 qui
277 960 410 1013 veraciter
418 959 616 1031 poenitentiam
629 960 733 1013 vellent
746 975 842 1030 agere,
865 957 932 1014 nihil

135 1033 252 1089 ulterius
272 1032 403 1098 dicendo,
430 1033 486 1087 nisi
506 1032 611 1097 solum,
641 1032 716 1105 quod
733 1050 787 1087 non
808 1034 838 1088 in
859 1040 934 1088 nocte

135 1117 162 1163 et
170 1108 292 1163 tenebris
307 1124 337 1162 se
351 1117 422 1163 stare
441 1114 551 1179 putent,
576 1124 608 1162 eo
627 1107 701 1179 quod
716 1107 794 1162 nulla
808 1107 934 1163 videatur

135 1184 299 1255 imaginaria
315 1199 386 1238 v1s10
406 1181 548 1236 simulacri
567 1181 704 1236 idolorum
722 1183 822 1249 instar3
849 1198 935 1253 quum

996 1111 998 1230 l

135 1274 190 1312 non
208 1273 293 1327 parva
313 1263 444 1328 sequatur
461 1256 605 1328 religiosos
626 1255 769 1310 humilitas
787 1272 819 1310 ao
836 1256 932 1329 gloria,
996 1237 997 1286 i

135 1330 362 1401 quandoquidem
375 1331 468 1385 stellas
483 1347 538 1384 non
552 1329 711 1385 invisibiles
725 1328 846 1385 reddunt
859 1339 935 1385 tene-

135 1404 215 1467 brae,
237 1403 286 1458 sed
297 1405 398 1459 clarius
409 1410 541 1475 apparent
551 1411 639 1458 nocte.

180 1559 293 1610 Amatam
310 1561 397 1626 offam
414 1573 507 1608 emnem
524 1559 588 1608 iubet
607 1559 733 1616 llaneitus
748 1560 893 1625 (Parabalei

378 1626 482 1690 scilicet)
497 1627 596 1676 losum.
632 1627 692 1692 (ib.)

193 1731 234 1784 ll.
263 1728 386 1782 Primum
405 1736 517 1800 propter
535 1727 774 1791 accelerationem,
802 1730 934 1798 quoniam

136 1820 263 1876 egressus
273 1802 445 1876 migrationis
454 1819 601 1874 properare
611 1800 739 1857 faciebat.
760 1801 890 1858 Secundo
900 1802 935 1857 cb

136 1878 355 1948 simplicitatem;
378 1884 466 1932 assata
478 1877 552 1932 enim
561 1877 718 1950 simplicius
729 1886 755 1931 et
765 1877 934 1950 incomptius

136 1961 257 2024 paratur.
297 1952 387 2007 Tertio
401 1969 456 2006 non
469 1952 595 2007 concedit
611 1951 648 2027 [*]
665 1953 827 2007 commorari
837 1952 868 2007 in
878 1953 934 2007 vita

135 2027 276 2098 voluptate
294 2035 414 2082 saturata
431 2028 616 2100 permultum
630 2027 776 2098 temporis,
801 2028 934 2098 quoniam
996 2050 997 2069 1

135 2111 243 2157 coctum
252 2102 392 2157 varietatis
402 2102 625 2174 condimentique
635 2101 772 2157 indicium
782 2108 834 2156 ast.

228 2257 341 2325 Azymum
357 2275 408 2310 cum
425 2257 576 2319 omaruW)
594 2258 629 2307 ait
643 2275 692 2308 uno
708 2275 759 2308 non
776 2257 841 2308 dacto

377 2325 495 2388 aoctfficio
516 2325 619 2390 offerre(
630 2326 690 2389 (ib.)

193 2431 234 2483 tt.
259 2434 373 2496 memus
388 2427 492 2482 multae
511 2425 717 2482 accelerationis
734 2425 934 2482 festinationis·
996 2486 997 2503 χ

186 2567 207 2613 ¹)
228 2577 246 2606 s.
259 2570 282 2606 ut
294 2567 457 2614 momontum
467 2567 581 2614 participet
592 2567 694 2606 mem.
720 2565 806 2606 Anah.

187 2631 222 2678 fl)
236 2633 283 2672 Lat.
293 2633 358 2680 Vulg.
372 2633 453 2671 lactuca
465 2633 550 2680 carecti,
565 2631 612 2674 allis
626 2630 707 2672 Graeca
719 2643 772 2672 voca
781 2634 873 2682 nimos,
887 2634 933 2673 olm

135 2681 261 2728 woltra.
284 2681 391 2722 nonnullis
405 2681 552 2721 amaritudine.
577 2681 658 2720 Auen.
