2050 3100
537 188 596 234 Vffl

168 291 298 363 leguntur
307 298 423 360 quatuor
432 289 584 346 sententiae
593 301 690 359 graeco
703 293 854 350 exstantes,
871 285 963 341 iamin

168 381 341 453 Fragmentis
352 397 367 436 n
379 381 514 452 Mcngcyo
524 378 632 436 traditis
642 376 826 450 reperiuntur.

222 474 261 530 Do
283 470 473 533 indicibus,
503 487 591 542 quum
609 469 665 540 ipsi
684 485 734 540 per
753 485 783 524 se
807 468 961 538 loquantur,

167 572 274 620 tontum
290 578 377 633 pauca
396 560 514 618 dicenda
532 569 605 618 sunt:
644 560 778 618 Indices
797 560 963 617 nominum

169 664 199 712 et
218 671 341 717 rorum.
369 669 487 724 quorum
506 654 620 710 materie
639 660 695 708 tam
713 651 787 726 apud
801 653 963 724 Mangeyum

168 763 252 817 quum
262 745 336 816 apud
348 743 506 802 Auoherum
516 746 546 804 in
556 745 636 800 binos
646 760 741 800 eorum
750 745 847 798 Tomos
857 741 965 813 disper-

168 840 217 892 tita
227 844 285 898 est,
307 854 323 891 a
341 835 422 890 nobis
437 837 466 893 iu
481 853 620 908 quemque
634 853 722 894 unum
739 833 961 893 commotisunt,

168 928 203 982 dc
227 945 281 998 qua
304 928 386 981 etiam
410 928 468 985 sola
489 929 680 983 coniunctione
704 928 772 988 ratio
795 925 875 979 nobis
900 924 964 977 red-

168 1019 267 1072 denda.
309 1018 395 1072 Index
411 1019 554 1074 nominum
566 1027 592 1074 et
602 1035 693 1073 rerum
705 1019 928 1090 Mangeynnus
937 1016 963 1067 si

168 1108 236 1163 forte
252 1125 287 1164 ex
302 1109 397 1164 eodem
412 1111 505 1166 indice
515 1111 645 1167 editionis
654 1110 818 1165 Perisicnsis
828 1115 902 1162 ortus
910 1114 961 1168 est,

167 1210 258 1256 tamen
269 1219 284 1255 a
296 1202 376 1257 nobis
387 1203 540 1258 secundum
549 1205 728 1276 Mangeyum,
749 1203 799 1272 qui
815 1215 878 1254 eum
892 1205 964 1252 certe

168 1293 325 1348 emendavit
349 1311 471 1366 suaeque
494 1295 609 1350 editioni
635 1293 786 1365 adaptavit,
812 1288 964 1362 appellatus

95 1425 99 1434 .
167 1391 218 1437 est.
257 1385 361 1439 Index
375 1385 523 1440 locorum
538 1387 567 1438 in
581 1385 701 1440 editione
711 1393 802 1440 nostra
811 1397 964 1455 peromnes

167 1483 194 1529 et
208 1475 333 1546 singulos
349 1491 476 1529 numeros
490 1477 647 1548 recognitus
667 1486 717 1530 est.
757 1476 799 1531 Ad
817 1474 965 1529 indicem

167 1568 350 1621 criticuml.
358 1567 583 1639 subiungendum
594 1586 629 1624 ex
638 1569 833 1641 praefationel.
840 1566 965 1622 obstricti

167 1674 286 1712 cramus.
320 1657 424 1712 Index
437 1660 579 1715 criticus
591 1662 623 1715 11.
636 1678 690 1717 non
699 1660 878 1733 praetermitti
887 1666 967 1729 pote-

166 1759 222 1815 rnt,
238 1750 293 1804 nisi
303 1750 480 1820 scriptionem
491 1752 669 1807 recentiorem
681 1753 714 1806 ad
724 1751 967 1807 conformationem

166 1849 259 1896 textus
268 1840 395 1895 Philonei
408 1844 475 1897 satis
486 1861 599 1919 gravem
608 1845 745 1898 immerito
754 1843 895 1915 negligere
916 1858 968 1897 vo·

167 1934 292 1989 debenus.
316 1932 420 1988 Index
447 1936 646 2007 paginarum
674 1934 872 1989 collatarum
902 1941 965 1987 etc.

166 2032 310 2095 propterea
327 2023 450 2079 adiectus
465 2035 520 2090 est,
546 2027 620 2098 quod
639 2026 762 2081 adhunc
781 2042 869 2096 nsque
889 2024 967 2079 diem

166 2116 313 2186 scriptores
326 2125 390 2170 sunt
404 2119 453 2189 qui
468 2118 541 2173 locos
551 2118 696 2173 Philoneos
709 2136 745 2171 ex
754 2116 874 2171 editione
886 2116 970 2169 Pari-

166 2208 252 2260 siensi
267 2206 400 2279 allegunt,
421 2208 558 2262 eiusmodi
573 2226 637 2263 vero
652 2208 704 2264 loci
719 2208 828 2280 allegati
842 2208 903 2263 sine
913 2206 970 2261 hoc

166 2297 259 2353 indice
269 2298 298 2353 in
308 2308 398 2355 nostra
409 2298 529 2355 editione
538 2300 613 2355 haud
626 2300 706 2355 facile
716 2301 837 2355 inveniri
845 2299 969 2370 possint.

467 2532 668 2564 -οοᾲον-
