2050 3100
31 155 65 220 [1,
78 153 142 220 41],
172 156 225 204 'ne
244 158 516 208 rnovineuurs
540 159 665 204 eunuc
683 158 702 204 1.
763 190 765 194 -
802 151 837 208 ta

31 265 161 332 grassata
177 267 232 322 est,
255 275 306 312 nec
319 243 374 312 iam
389 276 476 314 uuum
489 267 536 313 aut
545 259 639 330 pluras
649 266 754 313 tantum
764 259 838 312 occi-

32 335 93 398 dit,
120 350 171 387 cur
189 333 363 387 innumeram
381 333 589 387 multitudinem
608 333 704 388 eodem
723 334 838 405 contigit
895 381 899 392 ,

32 418 162 478 tempore
176 405 335 482 corrumpi?
361 407 414 462 Ubi
427 416 469 462 est
479 407 664 463 natalitiorum
675 424 774 462 nornen
784 407 839 461 im-

33 481 192 548 mutabile‘l
219 481 254 536 Et
272 482 336 552 quis
357 482 483 536 invenire
501 491 590 554 potest
609 491 713 537 certum
728 491 837 553 tempus

33 556 225 630 generationis
239 555 396 619 hominum,
417 573 503 628 quum
520 559 655 612 incertum
674 558 711 611 sit
729 565 838 630 tempus

34 631 169 686 seminati
184 630 321 685 seminis?
342 632 444 701 Nequit
458 633 531 685 enim
546 632 602 686 dici
617 632 770 687 stabilitum
786 631 838 686 ali-

34 705 113 777 quod
128 720 188 758 esse
203 713 327 780 tempus,
349 705 423 760 unde
434 705 611 778 dignoscatur
621 708 760 779 generatio
769 723 838 778 pue-

33 796 147 843 rorum,
167 781 310 850 utpoteji,
330 781 379 850 qui
395 778 525 853 astrologi
544 791 750 852 nuncupantur,
772 781 837 835 inde

34 853 339 925 horam-desumpsisse
353 857 566 925 comperiantur.
607 855 662 910 Sed
677 857 725 926 qui
740 856 775 912 ob
787 855 838 910 hoc

35 929 182 983 constituti
195 937 260 982 suut
274 929 416 1001 astrologi,
438 937 630 1001 argumentum
643 931 779 986 sustinere
789 947 838 1002 ag-

36 1002 216 1076 grediuntur:
261 1003 358 1057 volunt
381 1005 454 1057 enim
479 1004 637 1074 promittere
660 1004 786 1058 invenire
808 1021 838 1056 se

35 1094 121 1150 posse
135 1094 170 1132 ex
184 1077 304 1135 secundo
318 1077 402 1132 natali
417 1079 536 1150 primam
551 1078 665 1132 seminis
680 1079 838 1132 seminatio-

37 1170 114 1206 nem.
153 1151 278 1209 Attamen
293 1151 353 1206 fieri
367 1170 421 1212 non
435 1140 539 1224 potest}
558 1160 589 1207 ut
603 1168 651 1228 per
664 1150 837 1206 manifestam

36 1227 211 1298 nativitatem
220 1227 377 1281 inveniatur
387 1229 489 1282 ineerta
500 1227 597 1281 altera:
618 1227 681 1297 quis
692 1227 766 1280 enim
777 1235 838 1297 pot-

38 1311 81 1355 est
94 1303 222 1373 ingerere
233 1319 263 1355 se
277 1302 316 1356 rei
331 1301 483 1365 invisibili,
503 1303 665 1373 praesertim
685 1317 771 1372 quum
788 1319 838 1355 ne-

38 1384 123 1446 queat
129 1375 269 1441 inveniri,
288 1377 402 1431 ubinam
413 1378 634 1450 uniuscuiusque
644 1375 752 1430 stellam
763 1377 838 1430 exsi-

38 1461 112 1506 stere
123 1450 241 1515 accidat,
254 1453 359 1520 semine
369 1450 521 1515 seminato?
541 1451 685 1521 Siquidem
696 1451 834 1514 dixerunt,

37 1528 88 1598 qui
109 1525 176 1590 satis
190 1527 273 1599 periti
287 1526 400 1583 istarum
415 1544 507 1583 rerum
523 1535 612 1591 erant,
635 1526 837 1582 velocissimam

38 1618 100 1656 esse
120 1618 151 1661 ac
169 1602 253 1656 nimis
273 1600 448 1667 festinantem
466 1602 600 1659 natalium
619 1602 834 1673 circulationem,

38 1680 77 1733 ita
88 1686 119 1732 ut
128 1676 217 1749 fugiat
226 1675 428 1745 eruditissimos
439 1694 550 1749 quoque
560 1686 649 1733 certus
660 1693 766 1732 cursus.

96 1784 140 1835 88.
172 1782 213 1837 Ne
238 1798 302 1854 ergo
326 1778 462 1854 cuiusque
481 1784 601 1843 liberum
621 1783 765 1839 arbitrium
783 1782 836 1837 sub

39 1856 174 1913 servitute
183 1856 317 1912 natalium
333 1856 424 1922 cadat,
444 1855 480 1932 [³¹⁶]
496 1858 770 1915 animadvertendum
784 1864 834 1921 est,

38 1938 164 2001 oportere
174 1930 305 1986 virtuosis
315 1930 409 1988 verbis
419 1942 558 2004 quemque
569 1934 695 1989 excitari:
717 1932 747 1987 id
757 1949 836 1987 exer-

39 2005 178 2060 citationis
188 2008 322 2077 optimum
333 2020 421 2079 genus
432 2000 583 2071 censendo,
603 2017 635 2062 ut
643 2007 835 2077 unusquisque

38 2096 89 2150 per
109 2078 334 2135 laboremanimi
355 2081 472 2153 accipiat
494 2082 680 2136 inventionem
704 2080 833 2152 quaesiti,

39 2153 182 2209 stellarum
197 2162 288 2210 autem
302 2164 500 2211 motumnemo
515 2156 649 2219 dominari
665 2156 694 2209 in
709 2155 835 2215 homines

38 2236 128 2300 putet.
170 2228 258 2300 Quem
272 2246 338 2303 ergo
351 2228 487 2285 circulum
501 2230 607 2285 zodiaci
622 2236 732 2291 vocant,
754 2227 835 2299 illum

39 2302 75 2356 ab
98 2303 160 2373 ipsa
181 2304 356 2375 providentia
379 2304 520 2359 conditum
544 2304 671 2375 superius
700 2302 832 2355 diximus.

39 2376 119 2442 Quod
138 2377 164 2431 si
182 2379 263 2433 astris
280 2378 410 2434 terrificat
429 2378 575 2451 (homines)
594 2375 779 2448 providentia,
804 2373 833 2429 id

39 2462 125 2523 agunt
135 2461 205 2508 astra
214 2462 325 2525 propter
335 2454 408 2525 quod
419 2454 490 2508 iacta
500 2462 576 2521 sunt3
594 2466 664 2522 quae
673 2466 737 2505 vero
746 2464 834 2522 agun-

38 2536 97 2590 tur,
109 2526 144 2580 ab
155 2527 212 2603 alio
220 2530 372 2600 accipiunt,
384 2537 416 2583 ut
424 2529 482 2582 sint
491 2544 574 2581 causa
583 2524 776 2599 generationis.
801 2524 835 2577 Et

38 2600 213 2671 providentia
226 2604 395 2658 universalis
409 2612 451 2658 est
463 2604 588 2672 omnium
602 2616 699 2662 causa,
720 2614 836 2670 genera-

39 2677 158 2800 tiopvero
174 2677 209 2731 ab
204 2696 283 2804 Vilpsla
298 2679 399 2751 accipit
418 2676 566 2733 essentiam
586 2692 629 2800 ap)
636 2673 833 2737 exsistentiam.

103 2766 162 2801 ΗΠ,
169 2767 186 2802 0
270 2789 277 2804 .
