2050 3100
19 180 21 249 p
85 175 202 242 [tutte]
264 182 305 225 IN
326 182 650 227 GENESINSERMO
668 184 711 230 lv.
847 177 892 227 ll9

83 297 200 353 corpore
211 289 310 336 natura
322 290 441 349 mortuo;
465 282 560 355 lugere
569 291 662 337 autem
670 283 849 355 sapientiam,
863 300 893 337 ac

85 358 110 411 si
120 357 253 413 videatur
263 363 292 411 et
300 373 384 427 opere
394 358 483 428 ipsam
493 358 647 412 seiunctam
659 359 795 413 avirtute.
817 357 894 412 Alio-

85 433 155 503 quin
171 432 265 487 luctus
281 448 337 485 non
351 430 435 486 habet
449 432 541 487 locum
555 433 584 486 in
604 434 785 505 incorruptis:
817 434 893 504 atqui

86 516 142 563 tam
164 506 320 578 sapientia,
352 522 443 577 quam·
456 508 545 562 virtus
563 509 654 562 omnis
673 508 894 579 incorruptibilis

86 590 141 649 est;
174 583 205 635 in
222 581 281 635 illis
295 596 375 645 vero,
396 598 467 653 quae
482 582 580 637 baberi
593 592 709 655 possunt
722 592 750 638 et
762 583 896 637 deficiunt

87 666 196 721 tamen,
217 673 333 711 necesse
344 665 386 711 est
397 673 477 729 aegre
487 656 564 712 lerri.
604 659 706 714 Verum
715 659 818 730 optime
828 657 896 713 dili-

87 733 184 805 gentia
199 730 330 786 habende
343 732 374 786 io
389 731 454 797 hoc,
476 732 553 803 quod
567 750 618 787 nec
627 734 782 805 planctum,
805 750 894 804 neque

88 808 197 861 luctum
217 824 370 878 usurpasse
389 806 549 879 Sapientem
567 808 688 874 inducit,
722 808 771 863 sed
791 809 896 863 solum-

88 882 172 937 modo
188 882 301 937 veuisse
317 881 386 938 illuc
401 891 511 955 propter
527 883 604 937 baec.
642 883 778 951 Quoniam
796 900 840 938 res
861 900 897 937 ex

87 958 245 1030 improviso
254 959 897 1030 oomarrentespraeterquevoluntatemimpin-
917 1005 921 1014 ,

88 1042 187 1106 gentes
203 1032 347 1089 hominem
360 1034 478 1104 pusillae
493 1035 594 1089 mentis
607 1043 744 1089 coarctant
753 1043 780 1089 et
789 1035 896 1105 praeci-

87 1110 193 1180 pitant:
223 1116 393 1163 constantem
409 1126 473 1164 vero
488 1109 614 1181 undique
628 1109 777 1163 humiliant
791 1117 896 1164 tantum

88 1185 200 1257 impetu
211 1182 297 1248 iacto,
315 1184 390 1239 haud
400 1192 491 1239 tamen
501 1185 565 1248 tali,
582 1201 653 1255 quae
666 1200 756 1253 usque
770 1184 800 1236 in
814 1182 896 1236 linem

88 1259 262 1332 perducant,
283 1258 334 1313 sed
349 1269 477 1315 erectore
489 1260 601 1315 consilii
611 1258 761 1314 fortissime
770 1256 897 1328 repulsae

89 1335 239 1391 retroverti
254 1342 401 1407 eoguntur.
439 1336 534 1407 ltaque
550 1352 605 1389 non
621 1334 687 1389 licet
701 1331 807 1387 homini
817 1348 898 1385 verae

90 1410 241 1481 probitatis
255 1409 381 1465 studioso
395 1410 503 1466 devotis
516 1409 648 1482 precibus
654 1407 695 1482 *),
717 1422 805 1479 quum
818 1424 898 1479 prae-

91 1497 133 1540 ter
142 1485 315 1540 voluntatem
327 1484 435 1557 aliquid
444 1485 646 1559 supervenerit,
653 1492 740 1539 totum
749 1498 779 1537 se
788 1491 897 1555 raptum

92 1570 257 1632 motumque
276 1561 312 1616 ad
327 1561 398 1616 illud
413 1561 479 1618 ferri
494 1563 666 1634 permittere,
689 1559 741 1616 sed
756 1560 898 1632 paulisper

92 1645 202 1692 tantum
216 1645 365 1707 sequutum
380 1637 449 1694 tales
463 1638 586 1709 impetus
599 1635 784 1700 retrocedere,
804 1636 898 1707 prius-

91 1729 178 1783 quam
190 1710 226 1765 ad
238 1711 321 1785 finem
330 1714 498 1783 pervenerit.
532 1714 590 1767 Lex
600 1713 653 1767 ista
663 1729 739 1766 saera
749 1720 898 1781 sanctaque

94 1787 198 1857 scripta
212 1794 254 1840 est
268 1803 319 1857 pro
333 1789 526 1858 praecautione
539 1795 727 1859 meatorum,
749 1786 898 1857 quesnoi-

95 1878 150 1932 que
159 1862 295 1932 patraturi
303 1862 372 1915 sint:
389 1871 428 1926 ut,
436 1861 548 1933 quando
557 1862 592 1918 ab
603 1864 648 1926 iis,
655 1879 727 1934 quae
737 1869 814 1916 extra
823 1870 896 1922 sunt,

96 1937 203 1990 moveri
217 1953 247 1991 se
262 1938 395 2001 sentiant,
416 1938 489 1992 sicut
505 1938 540 1993 ab
557 1938 656 1993 alienis
674 1935 898 2008 possessionibus

95 2011 139 2066 vel
151 2011 317 2066 adivisione
328 2011 468 2077 mulieris,
490 2021 605 2068 caveant
619 2029 653 2067 ne
667 2019 826 2084 perpetrent
840 2010 899 2064 lur-

96 2096 155 2141 tum
168 2087 214 2141 vel
225 2095 335 2158 raptum
346 2087 391 2142 vel
402 2086 570 2142 adulterium
581 2089 641 2143 sive
651 2089 802 2159 quicquam
811 2085 899 2140 malo·

97 2178 158 2216 rum
168 2160 201 2216 id
211 2178 312 2234 genus,
329 2160 456 2217 sedeatis
467 2163 519 2218 rati
530 2164 664 2236 impeturn
674 2161 777 2218 factum
788 2168 859 2216 retro
869 2176 898 2213 se

97 2245 225 2291 moveant
244 2245 271 2292 et
289 2245 412 2311 perstent
433 2255 518 2311 super
542 2238 713 2294 immobilem
737 2237 899 2306 firmamque

97 2319 227 2366 mentem.

147 2410 187 2475 [Ἲ
216 2409 265 2462 Cur
288 2409 360 2460 dicit:
386 2402 513 2473 „lamma
537 2422 560 2462 et
575 2412 717 2477 pereqn'uue
737 2426 781 2474 eqo
798 2424 848 2456 mm

358 2479 513 2529 uobiscum“t
540 2481 642 2545 (23,t.)

152 2563 197 2617 74.
220 2563 317 2620 Nonne
333 2562 563 2637 peregrinationis
575 2561 657 2616 modo
671 2560 748 2632 degit
761 2557 834 2610 sicut
849 2556 900 2610 ad-

148 2697 170 2742 'l
186 2695 207 2734 Sl
219 2697 359 2746 interrogatio
372 2699 438 2746 adsit,
452 2702 524 2748 potest
534 2700 565 2737 sic
578 2698 643 2736 verti:
666 2694 737 2732 lt'oonc
750 2690 810 2727 liceat
822 2689 901 2725 uomina·

96 2745 165 2793 9⁹¹⁰⁶⁰
175 2750 247 2795 θΡΜη
256 2750 284 2794 (h
294 2751 367 2795 orere)
377 2776 383 2788 .
394 2777 399 2788 .
410 2777 416 2790 .
426 2761 451 2790 ue
459 2751 635 2798 repausaretur,
649 2745 687 2782 red
698 2743 735 2778 etc.
746 2765 751 2777 .
761 2764 767 2776 .
778 2739 798 2776 Α
818 2736 901 2774 Aucta.

1003 2798 1006 2891 t
