2050 3100
405 250 441 295 111

62 357 212 418 Bibliothecae
222 365 278 420 Soti
288 366 433 437 Lazarilin
450 365 822 420 monasteriohiechitarista-

61 456 551 531 nnpropevenetiassit0)invenisse.
579 447 823 529 'Deinterprete

61 540 182 600 limenio
203 547 269 602 haec
290 548 390 602 habet:
418 546 497 612 ·.,hu
524 549 617 619 ipsum
645 549 823 620 interpretem

61 633 112 698 quod
119 638 217 702 attinet,
230 657 285 695 non
296 657 357 694 eam
367 639 397 693 in
407 655 440 693 eo
448 640 583 694 haicanae
595 640 706 712 linguae
716 642 823 712 purita-

61 731 97 777 on
110 729 234 798 requiras,
262 747 350 802 quam
372 738 513 801 tantopere
536 732 565 784 in
584 731 655 786 alius
680 733 821 802 scriptoris

60 813 173 887 interprete
194 820 383 875 laudavimus:
414 821 508 876 haeret
531 823 605 878 enim
627 822 698 894 pede
726 839 822 893 presso

60 909 122 961 textui
133 911 241 978 Graeco,
263 929 317 968 nec
331 913 450 967 auctoris
464 917 628 968 sententiam
639 915 752 969 exhibet
761 923 823 968 tan-

59 1002 224 1076 unanima
233 1021 323 1077 paene
332 1003 418 1058 verba
427 1014 583 1069 enumerat,
599 1007 637 1060 ita
647 1014 678 1059 ut
687 1006 823 1060 llaicanae

60 1086 98 1142 siut
111 1109 179 1150 noces
193 1114 299 1168 eaeque
318 1095 540 1169 elegantissimae
560 1104 642 1166 atque
661 1097 823 1166 antiquissi-

60 1192 114 1244 mas,
133 1186 229 1255 phrasis
248 1204 317 1245 vero
336 1196 416 1260 atque
431 1188 598 1243 constructio
612 1188 723 1240 omnino
738 1187 823 1241 Graa-

60 1277 147 1330 cl·“··.
158 1262 333 1345 §Caeterum
344 1279 408 1334 licet
417 1297 449 1334 ea
458 1277 619 1340 methodus,
634 1293 718 1346 quam
727 1277 825 1330 Arme-

60 1361 105 1416 nius
119 1372 246 1428 translator
260 1379 305 1427 est
318 1379 443 1442 secutus,
465 1388 530 1426 suas
549 1368 649 1439 habeat
662 1369 824 1440 opportuni-

59 1457 117 1519 tates,
139 1461 290 1535 importune
313 1471 405 1518 tamen
426 1463 461 1517 ab
480 1480 513 1517 eo
532 1469 662 1533 usurpata
686 1470 727 1516 est
750 1463 823 1516 circa

59 1536 182 1617 Philonem,
202 1567 342 1612 auctorem
360 1555 604 1618 obscurissimum,
626 1558 706 1609 cuius
726 1555 820 1617 dictio,

58 1630 81 1683 ld
98 1642 233 1714 tttligurata
255 1649 398 1703 Platonica
419 1656 586 1718 comparata,
621 1646 655 1700 ab
674 1648 823 1718 interprete

58 1725 179 1790 emolienda
189 1748 244 1794 erat
253 1748 282 1794 et
291 1739 469 1803 illustranda,
485 1740 647 1809 praesertim
657 1754 734 1802 cum,
752 1754 823 1808 quae

56 1813 90 1867 vtl
102 1818 187 1881 Graece
200 1831 318 1886 obscura
332 1838 409 1885 erant
427 1838 455 1884 et
470 1828 615 1899 perplexa,
637 1847 668 1885 aa
683 1832 712 1884 in
726 1830 824 1885 Haica-
870 1817 873 1820 ’

58 1918 109 1960 '¹⁰³¹
123 1918 179 1973 κατὰ
201 1923 268 1987 λέξιν
289 1922 419 1977 translata
442 1923 553 1976 nonnisi
576 1922 772 1976 obscurissima
796 1928 823 1975 et

58 2000 234 2068 perplexissima
249 2023 362 2085 possent
380 2001 506 2069 evadere.
546 2013 659 2068 Accedit
678 2014 708 2067 in
727 2012 822 2067 eodem

58 2085 177 2162 ¹11¹“fllrtte
196 2103 350 2160 Platonicae
373 2105 565 2177 philosophiae
589 2106 681 2159 minus
702 2103 823 2175 perlecta

59 2174 186 2257 immitit,
209 2212 264 2267 qua
283 2196 408 2251 effectum
428 2207 482 2261 est,
508 2204 539 2251 ut
555 2197 699 2252 Philonem
716 2214 766 2267 per
785 2204 823 2251 tot

61 2266 170 2335 illosum
182 2286 290 2342 scholae
305 2288 441 2343 anfractus
456 2307 488 2343 ac
507 2288 678 2361 labyrinthos
694 2288 820 2343 dilaben-

61 2365 100 2415 κω
111 2369 261 2449 Vixsemper
271 2381 381 2451 assequi
391 2382 524 2451 potuerit,
545 2398 575 2435 ac
585 2379 741 2443 vermilio,
758 2382 823 2450 qui·

62 2446 101 2505 bus
110 2457 229 2523 Platonici
242 2480 328 2527 certas
342 2472 476 2543 quasdam
491 2471 706 2544 significationes
716 2472 823 2527 tribue—

63 2539 121 2612 Μ,
138 2558 178 2612 vel
187 2577 220 2615 ex
229 2563 365 2619 communi
381 2564 539 2635 acceptione
549 2554 709 2633 exponeret,
732 2562 776 2616 vel
788 2560 822 2613 ad

65 2648 100 2688 ⁸¹¹²
111 2651 188 2717 “lma
200 2669 230 2707 ac
242 2655 377 2726 principia
391 2663 517 2710 revocata
537 2655 714 2726 grammatice
732 2650 823 2717 expli-

67 2738 126 2784 ma,
158 2740 187 2795 lo
200 2761 263 2801 sans
272 2747 390 2818 accipias
405 2746 491 2802 velim
503 2761 553 2816 pro
563 2760 619 2798 uno
628 2759 663 2795 ex
678 2754 824 2809 argumen-
