2050 3100
150 117 200 170 238
267 117 368 164 enin.
388 115 466 162 ruo.
487 111 652 172 Quaeso.
671 111 723 157 en
742 109 821 156 son.
837 97 956 177 [11,toe.]

150 217 306 293 (eorporis);
331 215 473 288 oportebat
482 215 557 270 enim
566 229 646 277 eum,
661 213 712 284 qui
720 219 761 267 tot
771 211 882 283 magnis
894 212 959 267 uire-

149 295 257 351 tutibus
268 292 376 348 dotatus
386 299 444 346 eret
454 297 567 360 eratque
577 287 732 360 patriarche
745 294 836 342 tentae
850 287 956 358 gentis,

150 373 292 442 ingentem
302 376 329 422 et
339 364 533 422 admirabilem
542 361 764 436 magnitudinem
775 360 959 432 corporisne-

150 445 226 499 bere.
259 441 361 498 Verum
371 439 424 495 hoc
434 439 583 503 excursim,
595 454 646 509 per
654 438 739 500 mem,
751 444 783 490 ut
792 437 881 500 eiunt,
893 435 959 490 obi-

151 531 247 590 terque
266 516 371 573 dictum
389 517 436 570 sit.
476 513 585 572 Cestius
599 520 691 566 tamen
704 510 778 566 illud
791 509 955 572 dicendum,

151 592 226 666 quod
241 608 295 650 non
310 598 471 666 oppugnant
486 589 558 644 inter
572 604 603 642 se
616 587 739 642 invicem
748 593 897 657 parentum
907 601 959 639 uo-

153 669 271 724 luntates
281 682 436 736 moresque,
448 665 521 718 sicut
531 678 700 730 consuevere
709 659 847 726 nonnulli,
859 659 959 715 sedsi·

153 760 187 801 ne
197 741 384 810 disiunctione
394 738 553 799 hermoniae
568 737 778 795 coniunctorum
791 752 837 790 res
852 736 955 810 agitem

152 818 219 890 quia
229 815 265 874 ad
278 833 366 872 unum
380 813 463 871 linem
478 812 624 888 pervenire
638 808 764 875 student,
785 824 960 884 quamquem
1011 830 1012 847 κ

153 894 230 950 iuxta
240 892 377 948 variantes
388 889 567 966 cogitationes
578 887 645 943 moti
656 885 769 943 luerint.
808 885 869 940 Una
882 886 960 941 enim

154 967 306 1032 vulteum,
327 967 376 1037 qui
392 965 551 1028 bonusest,
577 961 710 1036 attingere
724 977 755 1016 se
769 959 957 1036 condignum,
1011 1026 1012 1033 ἵ

156 1043 224 1100 alter
234 1059 300 1100 vero
317 1041 402 1106 „Non
417 1039 543 1112 despicio
557 1045 584 1094 te
598 1035 709 1109 (inquit)
719 1036 798 1108 ,qui
812 1051 842 1089 es
859 1053 896 1089 ex
911 1034 960 1090 illa
1011 1040 1012 1067 ³

154 1119 231 1192 (sex
239 1115 303 1193 me),
315 1114 365 1174 sed
375 1113 564 1174 haesitationis
573 1113 662 1166 iustae
673 1112 813 1174 misereor,
827 1118 859 1165 ut
868 1126 962 1184 quau·
1011 1090 1012 1163 l

155 1203 216 1250 tum
225 1192 284 1248 fieri
294 1184 397 1266 potest,
418 1187 737 1264 regamdirigamque“.
776 1185 881 1240 Littera
890 1184 963 1239 haec
1011 1196 1012 1233 t

154 1285 220 1339 pree
233 1285 263 1326 se
278 1265 340 1326 fert.
379 1265 422 1322 Ad
436 1272 556 1320 mentem
570 1278 635 1318 vero
650 1261 743 1318 anima
755 1261 860 1315 virtute
877 1276 963 1335 pree-
1011 1240 1012 1287 l

155 1343 212 1398 dita
229 1341 311 1398 hebet
325 1340 536 1412 dispositionem
554 1335 704 1409 quemdem
722 1344 959 1410 perseverantem,

129 1620 132 1627 ·
155 1588 205 1645 sed
215 1604 265 1659 pro
274 1588 343 1643 mire
356 1586 476 1663 quedam
490 1595 627 1647 structura
641 1586 710 1645 dum
722 1595 828 1662 oportet
841 1595 962 1643 sectato-

155 1681 200 1719 res
213 1662 362 1728 virtutum,
384 1670 411 1717 et
425 1662 494 1717 tenti
507 1662 619 1733 generis
633 1670 742 1721 autores
756 1660 885 1718 mirabile
899 1678 963 1716 me·
1011 1671 1012 1726 j

155 1735 311 1811 guitudinis
330 1753 430 1807 corpus
450 1736 586 1792 habitare.
635 1736 692 1792 Sed
714 1736 782 1791 heeo
801 1738 961 1791 transitorie
1011 1733 1012 1776 ἒ

155 1815 202 1869 uie
221 1810 334 1869 dicitur.
383 1810 456 1869 Illud
476 1828 542 1869 vero
560 1812 710 1884 praecipue
729 1811 882 1873 dicendum
902 1820 959 1867 est:
1011 1859 1012 1888 ,

157 1886 314 1941 Sententiae
328 1884 573 1943 solertissimorum
587 1902 643 1943 non
658 1886 826 1943 dimicentur
835 1886 908 1943 inter
918 1902 959 1948 se,
1011 1893 1012 1944 ἔ

156 1970 187 2017 nt
196 1959 312 2031 quidem
322 1968 502 2032 putaverunt,
519 1961 618 2016 horum
628 1962 704 2017 enim
714 1962 837 2017 armonia
847 1960 962 2032 insepe—
1011 1979 1012 2002 1

156 2034 282 2090 rabiliter
295 2036 351 2090 sibi
364 2045 507 2101 consonet,
529 2035 565 2091 ed
574 2051 663 2091 unum
672 2036 748 2091 enlm
758 2036 910 2091 terminum
920 2034 963 2089 le·

157 2111 254 2175 stinet,
275 2127 331 2165 uno
344 2111 460 2166 oonsilio
470 2110 543 2165 freti.
582 2110 647 2165 Ideo
658 2109 797 2166 desideret
806 2118 893 2164 meter
904 2109 960 2163 sihi

157 2184 279 2239 similem
289 2185 373 2259 digne
383 2186 557 2249 nanciscere,
571 2194 650 2257 peter
660 2202 725 2241 vero
737 2202 792 2241 non
802 2185 865 2240 vult
873 2184 963 2240 deho-

157 2260 258 2317 nestari
274 2277 309 2315 ex
323 2270 411 2317 comet
425 2268 519 2316 natum
533 2269 682 2335 egestatem
691 2261 807 2331 pessimi
814 2260 904 2324 moris
913 2275 962 2330 per

157 2334 376 2391 misericordiam
387 2335 568 2392 emendando.
594 2336 666 2390 llaec
673 2338 791 2391 oratorie
800 2335 888 2406 partie
897 2333 963 2389 red-

157 2410 238 2466 ditio.
276 2412 386 2466 Erimio
402 2420 493 2466 temen
506 2427 592 2467 sensu
606 2412 644 2465 ita
657 2411 750 2465 anima
760 2410 863 2465 cultrix
872 2410 961 2480 piete-

156 2487 194 2541 tis
208 2486 292 2543 hebet
305 2485 443 2558 quendem
457 2487 680 2557 perseverentiae
690 2484 818 2542 edentum
827 2484 963 2540 Hebraico

157 2560 264 2615 dictum
274 2562 424 2626 Rebeccam,
445 2561 529 2617 hebet
541 2560 813 2632 palestrioumsunm
822 2558 964 2632 quomodo

158 2637 356 2702 naturalamlr,
378 2644 472 2711 utpote
486 2651 552 2709 ergo
565 2635 724 2693 inconcilio
734 2637 843 2693 enimes
853 2652 962 2695 morum
