<?xml version="1.0" encoding="UTF-8"?>
<!DOCTYPE html PUBLIC "-//W3C//DTD XHTML 1.0 Transitional//EN"
    "http://www.w3.org/TR/xhtml1/DTD/xhtml1-transitional.dtd">
<html xmlns="http://www.w3.org/1999/xhtml" xml:lang="en" lang="en">
 <head>
  <title>
</title>
<meta http-equiv="Content-Type" content="text/html;charset=utf-8" />
  <meta name='ocr-system' content='tesseract 3.04.00' />
  <meta name='ocr-capabilities' content='ocr_page ocr_carea ocr_par ocr_line ocrx_word'/>
</head>
<body>
  <div class='ocr_page' id='page_1' title='image "./operaomniaadlib02philgoog/operaomniaadlib02philgoog_0371.png"; bbox 0 0 2050 3100; ppageno 0'>
   <div class='ocr_carea' id='block_1_1' title="bbox 195 134 996 202">
    <p class='ocr_par' dir='ltr' id='par_1_1' title="bbox 195 134 996 202">
     <span class='ocr_line' id='line_1_1' title="bbox 195 134 996 202; baseline 0 -14"><span class='ocrx_word' id='word_1_1' title='bbox 195 134 246 188; x_wconf 72' lang='lat'>356</span> <span class='ocrx_word' id='word_1_2' title='bbox 311 141 409 185; x_wconf 72' lang='lat' dir='ltr'>amn</span> <span class='ocrx_word' id='word_1_3' title='bbox 428 139 503 185; x_wconf 84' lang='lat' dir='ltr'>1un.</span> <span class='ocrx_word' id='word_1_4' title='bbox 524 138 686 196; x_wconf 77' lang='lat' dir='ltr'>Quansn.</span> <span class='ocrx_word' id='word_1_5' title='bbox 703 139 754 185; x_wconf 72' lang='lat' dir='ltr'>aaa</span> <span class='ocrx_word' id='word_1_6' title='bbox 773 141 855 199; x_wconf 78' lang='lat' dir='ltr'>sou.</span> <span class='ocrx_word' id='word_1_7' title='bbox 874 135 919 200; x_wconf 64' lang='grc' dir='ltr'>[ιι</span> <span class='ocrx_word' id='word_1_8' title='bbox 934 137 996 202; x_wconf 78' lang='lat' dir='ltr'>un]</span> 
     </span>
    </p>
   </div>
   <div class='ocr_carea' id='block_1_2' title="bbox 193 237 999 743">
    <p class='ocr_par' dir='ltr' id='par_1_2' title="bbox 193 237 999 743">
     <span class='ocr_line' id='line_1_2' title="bbox 194 237 997 314; baseline 0.001 -19"><span class='ocrx_word' id='word_1_9' title='bbox 194 258 243 295; x_wconf 88' lang='lat' dir='ltr'>ens</span> <span class='ocrx_word' id='word_1_10' title='bbox 258 237 337 293; x_wconf 89' lang='lat' dir='ltr'>lluvii</span> <span class='ocrx_word' id='word_1_11' title='bbox 357 255 431 294; x_wconf 88' lang='lat' dir='ltr'>more</span> <span class='ocrx_word' id='word_1_12' title='bbox 451 237 604 293; x_wconf 84' lang='lat' dir='ltr'>secundum</span> <span class='ocrx_word' id='word_1_13' title='bbox 624 248 725 294; x_wconf 84' lang='lat' dir='ltr'>aetates</span> <span class='ocrx_word' id='word_1_14' title='bbox 743 242 997 314; x_wconf 79' lang='lat' dir='ltr'>pervenientesque</span> 
     </span>
     <span class='ocr_line' id='line_1_3' title="bbox 193 313 998 376; baseline 0.002 -7"><span class='ocrx_word' id='word_1_15' title='bbox 193 313 365 369; x_wconf 84' lang='lat' dir='ltr'>infirmitates</span> <span class='ocrx_word' id='word_1_16' title='bbox 374 314 554 369; x_wconf 85' lang='lat' dir='ltr'>variationem</span> <span class='ocrx_word' id='word_1_17' title='bbox 564 313 659 368; x_wconf 81' lang='lat' dir='ltr'>subire</span> <span class='ocrx_word' id='word_1_18' title='bbox 668 314 748 369; x_wconf 87' lang='lat' dir='ltr'>solet.</span> <span class='ocrx_word' id='word_1_19' title='bbox 772 316 862 370; x_wconf 85' lang='lat' dir='ltr'>Tertio</span> <span class='ocrx_word' id='word_1_20' title='bbox 872 316 998 376; x_wconf 85' lang='lat' dir='ltr'>humana</span> 
     </span>
     <span class='ocr_line' id='line_1_4' title="bbox 193 388 998 461; baseline 0.004 -18"><span class='ocrx_word' id='word_1_21' title='bbox 193 390 263 453; x_wconf 84' lang='lat' dir='ltr'>vita,</span> <span class='ocrx_word' id='word_1_22' title='bbox 285 389 386 443; x_wconf 87' lang='lat' dir='ltr'>similis</span> <span class='ocrx_word' id='word_1_23' title='bbox 401 396 508 461; x_wconf 83' lang='lat' dir='ltr'>reperta</span> <span class='ocrx_word' id='word_1_24' title='bbox 521 389 680 443; x_wconf 84' lang='lat' dir='ltr'>vastissimo</span> <span class='ocrx_word' id='word_1_25' title='bbox 697 391 781 453; x_wconf 84' lang='lat' dir='ltr'>mari,</span> <span class='ocrx_word' id='word_1_26' title='bbox 801 388 998 446; x_wconf 84' lang='lat' dir='ltr'>fluctuationes</span> 
     </span>
     <span class='ocr_line' id='line_1_5' title="bbox 194 464 999 537; baseline 0.005 -19"><span class='ocrx_word' id='word_1_27' title='bbox 194 472 341 535; x_wconf 88' lang='lat' dir='ltr'>aestusque</span> <span class='ocrx_word' id='word_1_28' title='bbox 355 464 522 518; x_wconf 84' lang='lat' dir='ltr'>circulorum</span> <span class='ocrx_word' id='word_1_29' title='bbox 536 465 698 537; x_wconf 78' lang='lat' dir='ltr'>omnigenos</span> <span class='ocrx_word' id='word_1_30' title='bbox 711 465 830 536; x_wconf 80' lang='lat' dir='ltr'>suscipit</span> <span class='ocrx_word' id='word_1_31' title='bbox 838 466 999 521; x_wconf 84' lang='lat' dir='ltr'>secundum</span> 
     </span>
     <span class='ocr_line' id='line_1_6' title="bbox 194 538 996 611; baseline 0.004 -18"><span class='ocrx_word' id='word_1_32' title='bbox 194 538 357 611; x_wconf 81' lang='lat' dir='ltr'>fortunas*).</span> <span class='ocrx_word' id='word_1_33' title='bbox 397 538 543 609; x_wconf 80' lang='lat' dir='ltr'>Siquidem</span> <span class='ocrx_word' id='word_1_34' title='bbox 557 538 628 593; x_wconf 89' lang='lat' dir='ltr'>nihil</span> <span class='ocrx_word' id='word_1_35' title='bbox 642 546 782 593; x_wconf 86' lang='lat' dir='ltr'>terrenum</span> <span class='ocrx_word' id='word_1_36' title='bbox 795 549 927 595; x_wconf 75' lang='lat' dir='ltr'><strong>constans</strong></span> <span class='ocrx_word' id='word_1_37' title='bbox 942 551 996 603; x_wconf 81' lang='lat' dir='ltr'>est,</span> 
     </span>
     <span class='ocr_line' id='line_1_7' title="bbox 193 613 997 670; baseline 0.004 -3"><span class='ocrx_word' id='word_1_38' title='bbox 193 613 243 668; x_wconf 85' lang='lat' dir='ltr'>sed</span> <span class='ocrx_word' id='word_1_39' title='bbox 261 613 316 668; x_wconf 91' lang='lat' dir='ltr'>huc</span> <span class='ocrx_word' id='word_1_40' title='bbox 334 620 362 667; x_wconf 91' lang='lat' dir='ltr'>et</span> <span class='ocrx_word' id='word_1_41' title='bbox 381 613 449 667; x_wconf 91' lang='lat' dir='ltr'>illuc</span> <span class='ocrx_word' id='word_1_42' title='bbox 466 613 600 668; x_wconf 77' lang='lat' dir='ltr'>vacillans</span> <span class='ocrx_word' id='word_1_43' title='bbox 618 614 718 668; x_wconf 86' lang='lat' dir='ltr'>titubat</span> <span class='ocrx_word' id='word_1_44' title='bbox 736 613 772 667; x_wconf 91' lang='lat' dir='ltr'>ad</span> <span class='ocrx_word' id='word_1_45' title='bbox 786 614 899 669; x_wconf 89' lang='lat' dir='ltr'>modum</span> <span class='ocrx_word' id='word_1_46' title='bbox 913 618 997 670; x_wconf 84' lang='lat' dir='ltr'>navis</span> 
     </span>
     <span class='ocr_line' id='line_1_8' title="bbox 195 687 800 743; baseline 0 0"><span class='ocrx_word' id='word_1_47' title='bbox 195 705 269 743; x_wconf 88' lang='lat' dir='ltr'>marc</span> <span class='ocrx_word' id='word_1_48' title='bbox 279 687 421 743; x_wconf 84' lang='lat' dir='ltr'>lustrantis</span> <span class='ocrx_word' id='word_1_49' title='bbox 431 697 525 743; x_wconf 82' lang='lat' dir='ltr'>contra</span> <span class='ocrx_word' id='word_1_50' title='bbox 533 696 630 743; x_wconf 84' lang='lat' dir='ltr'>ventos</span> <span class='ocrx_word' id='word_1_51' title='bbox 640 689 800 743; x_wconf 72' lang='lat' dir='ltr'>conuarios.</span> 
     </span>
    </p>
   </div>
   <div class='ocr_carea' id='block_1_3' title="bbox 222 843 971 977">
    <p class='ocr_par' dir='ltr' id='par_1_3' title="bbox 222 843 971 977">
     <span class='ocr_line' id='line_1_9' title="bbox 222 843 971 909; baseline 0.001 -15"><span class='ocrx_word' id='word_1_52' title='bbox 222 843 302 902; x_wconf 80' lang='lat' dir='ltr'>Quare</span> <span class='ocrx_word' id='word_1_53' title='bbox 320 855 422 909; x_wconf 81' lang='lat' dir='ltr'>quatuor</span> <span class='ocrx_word' id='word_1_54' title='bbox 439 845 538 895; x_wconf 72' lang='lat' dir='ltr'>amulae</span> <span class='ocrx_word' id='word_1_55' title='bbox 554 845 658 909; x_wconf 72' lang='lat' dir='ltr'>adoptat</span> <span class='ocrx_word' id='word_1_56' title='bbox 673 862 758 908; x_wconf 78' lang='lat' dir='ltr'>orcae,</span> <span class='ocrx_word' id='word_1_57' title='bbox 777 846 836 895; x_wconf 74' lang='lat' dir='ltr'>duos</span> <span class='ocrx_word' id='word_1_58' title='bbox 852 846 878 895; x_wconf 79' lang='lat' dir='ltr'>ia</span> <span class='ocrx_word' id='word_1_59' title='bbox 893 846 971 896; x_wconf 72' lang='lat' dir='ltr'>latare</span> 
     </span>
     <span class='ocr_line' id='line_1_10' title="bbox 365 912 819 977; baseline 0.002 -15"><span class='ocrx_word' id='word_1_60' title='bbox 365 930 411 962; x_wconf 81' lang='lat' dir='ltr'>uno</span> <span class='ocrx_word' id='word_1_61' title='bbox 429 922 452 963; x_wconf 81' lang='lat' dir='ltr'>ct</span> <span class='ocrx_word' id='word_1_62' title='bbox 468 912 527 962; x_wconf 73' lang='lat' dir='ltr'>duos</span> <span class='ocrx_word' id='word_1_63' title='bbox 543 913 568 962; x_wconf 80' lang='lat' dir='ltr'>io</span> <span class='ocrx_word' id='word_1_64' title='bbox 585 914 676 963; x_wconf 65' lang='lat' dir='ltr'>oberat</span> <span class='ocrx_word' id='word_1_65' title='bbox 693 918 747 977; x_wconf 80' lang='lat'>(25,</span> <span class='ocrx_word' id='word_1_66' title='bbox 766 916 819 975; x_wconf 79' lang='lat'>12.)</span> 
     </span>
    </p>
   </div>
   <div class='ocr_carea' id='block_1_4' title="bbox 141 1014 997 1986">
    <p class='ocr_par' dir='ltr' id='par_1_4' title="bbox 141 1014 996 1529">
     <span class='ocr_line' id='line_1_11' title="bbox 247 1014 994 1089; baseline -0.003 -19"><span class='ocrx_word' id='word_1_67' title='bbox 247 1018 289 1070; x_wconf 84' lang='grc'>56.</span> <span class='ocrx_word' id='word_1_68' title='bbox 314 1016 411 1070; x_wconf 83' lang='lat' dir='ltr'><strong>Latera</strong></span> <span class='ocrx_word' id='word_1_69' title='bbox 425 1014 480 1069; x_wconf 90' lang='lat' dir='ltr'>duo</span> <span class='ocrx_word' id='word_1_70' title='bbox 494 1016 610 1089; x_wconf 80' lang='lat' dir='ltr'>contigit</span> <span class='ocrx_word' id='word_1_71' title='bbox 627 1031 687 1068; x_wconf 87' lang='lat' dir='ltr'>esse</span> <span class='ocrx_word' id='word_1_72' title='bbox 706 1016 735 1068; x_wconf 81' lang='lat' dir='ltr'>in</span> <span class='ocrx_word' id='word_1_73' title='bbox 754 1014 883 1079; x_wconf 85' lang='lat' dir='ltr'>auribus,</span> <span class='ocrx_word' id='word_1_74' title='bbox 905 1032 994 1068; x_wconf 91' lang='lat' dir='ltr'>unum</span> 
     </span>
     <span class='ocr_line' id='line_1_12' title="bbox 193 1089 995 1164; baseline 0 -21"><span class='ocrx_word' id='word_1_75' title='bbox 193 1090 366 1164; x_wconf 79' lang='lat' dir='ltr'>intelligibili</span> <span class='ocrx_word' id='word_1_76' title='bbox 375 1091 405 1144; x_wconf 89' lang='lat' dir='ltr'>in</span> <span class='ocrx_word' id='word_1_77' title='bbox 419 1098 509 1162; x_wconf 86' lang='lat' dir='ltr'>parte,</span> <span class='ocrx_word' id='word_1_78' title='bbox 530 1090 647 1145; x_wconf 87' lang='lat' dir='ltr'>alterum</span> <span class='ocrx_word' id='word_1_79' title='bbox 661 1091 691 1143; x_wconf 92' lang='lat' dir='ltr'>in</span> <span class='ocrx_word' id='word_1_80' title='bbox 706 1089 847 1144; x_wconf 83' lang='lat' dir='ltr'>sensibili:</span> <span class='ocrx_word' id='word_1_81' title='bbox 874 1106 995 1160; x_wconf 86' lang='lat' dir='ltr'>quorum</span> 
     </span>
     <span class='ocr_line' id='line_1_13' title="bbox 193 1164 996 1237; baseline 0 -18"><span class='ocrx_word' id='word_1_82' title='bbox 193 1174 342 1237; x_wconf 87' lang='lat' dir='ltr'>utrumque</span> <span class='ocrx_word' id='word_1_83' title='bbox 356 1165 489 1220; x_wconf 90' lang='lat' dir='ltr'>ambobus</span> <span class='ocrx_word' id='word_1_84' title='bbox 504 1165 593 1237; x_wconf 79' lang='lat' dir='ltr'>signis</span> <span class='ocrx_word' id='word_1_85' title='bbox 608 1164 761 1237; x_wconf 84' lang='lat' dir='ltr'>sigillatum</span> <span class='ocrx_word' id='word_1_86' title='bbox 775 1173 829 1233; x_wconf 80' lang='lat' dir='ltr'>est3</span> <span class='ocrx_word' id='word_1_87' title='bbox 861 1166 930 1236; x_wconf 90' lang='lat' dir='ltr'>quia</span> <span class='ocrx_word' id='word_1_88' title='bbox 950 1165 996 1219; x_wconf 93' lang='lat' dir='ltr'>in·</span> 
     </span>
     <span class='ocr_line' id='line_1_14' title="bbox 193 1240 995 1315; baseline -0.002 -20"><span class='ocrx_word' id='word_1_89' title='bbox 193 1242 357 1297; x_wconf 83' lang='lat' dir='ltr'>tellectualis</span> <span class='ocrx_word' id='word_1_90' title='bbox 366 1242 452 1315; x_wconf 85' lang='lat' dir='ltr'>partis</span> <span class='ocrx_word' id='word_1_91' title='bbox 464 1240 535 1294; x_wconf 91' lang='lat' dir='ltr'>duae</span> <span class='ocrx_word' id='word_1_92' title='bbox 545 1247 609 1293; x_wconf 91' lang='lat' dir='ltr'>sunt</span> <span class='ocrx_word' id='word_1_93' title='bbox 620 1240 769 1303; x_wconf 81' lang='lat' dir='ltr'>sectiones,</span> <span class='ocrx_word' id='word_1_94' title='bbox 788 1256 844 1293; x_wconf 90' lang='lat' dir='ltr'>una</span> <span class='ocrx_word' id='word_1_95' title='bbox 858 1257 909 1311; x_wconf 88' lang='lat' dir='ltr'>per</span> <span class='ocrx_word' id='word_1_96' title='bbox 919 1240 995 1295; x_wconf 90' lang='lat' dir='ltr'>indi-</span> 
     </span>
     <span class='ocr_line' id='line_1_15' title="bbox 193 1313 992 1395; baseline 0 -26"><span class='ocrx_word' id='word_1_97' title='bbox 193 1317 268 1371; x_wconf 91' lang='lat' dir='ltr'>cium</span> <span class='ocrx_word' id='word_1_98' title='bbox 281 1316 492 1379; x_wconf 87' lang='lat' dir='ltr'>immortalium,</span> <span class='ocrx_word' id='word_1_99' title='bbox 515 1314 598 1369; x_wconf 86' lang='lat' dir='ltr'>altera</span> <span class='ocrx_word' id='word_1_100' title='bbox 612 1331 662 1386; x_wconf 86' lang='lat' dir='ltr'>per</span> <span class='ocrx_word' id='word_1_101' title='bbox 675 1313 812 1371; x_wconf 90' lang='lat' dir='ltr'>indicium</span> <span class='ocrx_word' id='word_1_102' title='bbox 821 1314 992 1395; x_wconf 67' lang='lat' dir='ltr'>mortalium.</span> 
     </span>
     <span class='ocr_line' id='line_1_16' title="bbox 194 1389 994 1461; baseline -0.001 -16"><span class='ocrx_word' id='word_1_103' title='bbox 194 1390 342 1446; x_wconf 90' lang='lat' dir='ltr'>Sensibilis</span> <span class='ocrx_word' id='word_1_104' title='bbox 353 1408 418 1447; x_wconf 86' lang='lat' dir='ltr'>vcro</span> <span class='ocrx_word' id='word_1_105' title='bbox 428 1392 457 1445; x_wconf 93' lang='lat' dir='ltr'>in</span> <span class='ocrx_word' id='word_1_106' title='bbox 471 1391 526 1445; x_wconf 89' lang='lat' dir='ltr'>duo</span> <span class='ocrx_word' id='word_1_107' title='bbox 535 1389 684 1446; x_wconf 87' lang='lat' dir='ltr'>dividitur:</span> <span class='ocrx_word' id='word_1_108' title='bbox 705 1406 793 1461; x_wconf 90' lang='lat' dir='ltr'>quum</span> <span class='ocrx_word' id='word_1_109' title='bbox 803 1389 945 1461; x_wconf 85' lang='lat' dir='ltr'><strong>quoddam</strong></span> <span class='ocrx_word' id='word_1_110' title='bbox 957 1392 994 1444; x_wconf 85' lang='lat' dir='ltr'>sit</span> 
     </span>
     <span class='ocr_line' id='line_1_17' title="bbox 141 1465 994 1529; baseline 0.002 -12"><span class='ocrx_word' id='word_1_111' title='bbox 141 1510 144 1517; x_wconf 94' lang='grc'><em>,</em></span> <span class='ocrx_word' id='word_1_112' title='bbox 194 1465 265 1519; x_wconf 88' lang='lat' dir='ltr'>levis</span> <span class='ocrx_word' id='word_1_113' title='bbox 276 1474 302 1519; x_wconf 90' lang='lat' dir='ltr'>et</span> <span class='ocrx_word' id='word_1_114' title='bbox 312 1482 423 1519; x_wconf 84' lang='lat' dir='ltr'>sursum</span> <span class='ocrx_word' id='word_1_115' title='bbox 433 1465 571 1520; x_wconf 88' lang='lat' dir='ltr'>tendentis</span> <span class='ocrx_word' id='word_1_116' title='bbox 582 1473 708 1529; x_wconf 81' lang='lat' dir='ltr'>naturae,</span> <span class='ocrx_word' id='word_1_117' title='bbox 749 1482 812 1518; x_wconf 90' lang='lat' dir='ltr'>uam</span> <span class='ocrx_word' id='word_1_118' title='bbox 827 1466 941 1520; x_wconf 83' lang='lat' dir='ltr'>sortitus</span> <span class='ocrx_word' id='word_1_119' title='bbox 951 1474 994 1519; x_wconf 87' lang='lat' dir='ltr'>est</span> 
     </span>
    </p>

    <p class='ocr_par' dir='ltr' id='par_1_5' title="bbox 191 1482 997 1986">
     <span class='ocr_line' id='line_1_18' title="bbox 192 1482 994 1616; baseline 0.002 -24"><span class='ocrx_word' id='word_1_120' title='bbox 192 1541 237 1593; x_wconf 74' lang='lat' dir='ltr'>aer</span> <span class='ocrx_word' id='word_1_121' title='bbox 252 1548 333 1610; x_wconf 90' lang='lat' dir='ltr'>atque</span> <span class='ocrx_word' id='word_1_122' title='bbox 347 1541 452 1607; x_wconf 87' lang='lat' dir='ltr'>aethcr;</span> <span class='ocrx_word' id='word_1_123' title='bbox 485 1540 598 1612; x_wconf 86' lang='lat' dir='ltr'>aliquod</span> <span class='ocrx_word' id='word_1_124' title='bbox 613 1547 704 1595; x_wconf 89' lang='lat' dir='ltr'>autem</span> <span class='ocrx_word' id='word_1_125' title='bbox 714 1482 752 1616; x_wconf 44' lang='grc' dir='ltr'>[ἦ</span> <span class='ocrx_word' id='word_1_126' title='bbox 763 1540 857 1613; x_wconf 79' lang='lat' dir='ltr'>gravis</span> <span class='ocrx_word' id='word_1_127' title='bbox 871 1548 900 1594; x_wconf 85' lang='lat' dir='ltr'>et</span> <span class='ocrx_word' id='word_1_128' title='bbox 912 1540 994 1595; x_wconf 87' lang='lat' dir='ltr'>deor-</span> 
     </span>
     <span class='ocr_line' id='line_1_19' title="bbox 193 1615 993 1688; baseline 0.003 -21"><span class='ocrx_word' id='word_1_129' title='bbox 193 1631 255 1668; x_wconf 90' lang='lat' dir='ltr'>sum</span> <span class='ocrx_word' id='word_1_130' title='bbox 265 1615 403 1670; x_wconf 85' lang='lat' dir='ltr'>tendentis</span> <span class='ocrx_word' id='word_1_131' title='bbox 416 1615 528 1680; x_wconf 90' lang='lat' dir='ltr'>indolis,</span> <span class='ocrx_word' id='word_1_132' title='bbox 541 1633 625 1688; x_wconf 90' lang='lat' dir='ltr'>quam</span> <span class='ocrx_word' id='word_1_133' title='bbox 634 1617 728 1670; x_wconf 84' lang='lat' dir='ltr'>sortita</span> <span class='ocrx_word' id='word_1_134' title='bbox 739 1624 781 1670; x_wconf 87' lang='lat' dir='ltr'>est</span> <span class='ocrx_word' id='word_1_135' title='bbox 789 1624 861 1670; x_wconf 87' lang='lat' dir='ltr'>terra</span> <span class='ocrx_word' id='word_1_136' title='bbox 871 1620 898 1671; x_wconf 86' lang='lat' dir='ltr'>et</span> <span class='ocrx_word' id='word_1_137' title='bbox 909 1633 993 1686; x_wconf 87' lang='lat' dir='ltr'>aqua.</span> 
     </span>
     <span class='ocr_line' id='line_1_20' title="bbox 192 1687 996 1764; baseline 0.005 -22"><span class='ocrx_word' id='word_1_138' title='bbox 192 1687 319 1743; x_wconf 92' lang='lat' dir='ltr'>Secundo</span> <span class='ocrx_word' id='word_1_139' title='bbox 333 1688 387 1744; x_wconf 92' lang='lat' dir='ltr'>duo</span> <span class='ocrx_word' id='word_1_140' title='bbox 404 1690 486 1746; x_wconf 86' lang='lat' dir='ltr'>latera</span> <span class='ocrx_word' id='word_1_141' title='bbox 500 1692 629 1746; x_wconf 89' lang='lat' dir='ltr'>nonnulli</span> <span class='ocrx_word' id='word_1_142' title='bbox 642 1692 782 1764; x_wconf 87' lang='lat' dir='ltr'>accipiunt</span> <span class='ocrx_word' id='word_1_143' title='bbox 794 1707 844 1762; x_wconf 86' lang='lat' dir='ltr'>pro</span> <span class='ocrx_word' id='word_1_144' title='bbox 857 1692 996 1762; x_wconf 84' lang='lat' dir='ltr'>acquino-</span> 
     </span>
     <span class='ocr_line' id='line_1_21' title="bbox 192 1763 997 1840; baseline 0.005 -23"><span class='ocrx_word' id='word_1_145' title='bbox 192 1764 268 1827; x_wconf 84' lang='lat' dir='ltr'>ctiis,</span> <span class='ocrx_word' id='word_1_146' title='bbox 291 1780 326 1818; x_wconf 87' lang='lat' dir='ltr'>ex</span> <span class='ocrx_word' id='word_1_147' title='bbox 336 1763 439 1834; x_wconf 91' lang='lat' dir='ltr'>quibus</span> <span class='ocrx_word' id='word_1_148' title='bbox 449 1773 567 1835; x_wconf 87' lang='lat' dir='ltr'>quatuor</span> <span class='ocrx_word' id='word_1_149' title='bbox 577 1775 700 1840; x_wconf 85' lang='lat' dir='ltr'>tempora</span> <span class='ocrx_word' id='word_1_150' title='bbox 709 1773 833 1837; x_wconf 84' lang='lat' dir='ltr'>separata</span> <span class='ocrx_word' id='word_1_151' title='bbox 843 1764 935 1820; x_wconf 87' lang='lat' dir='ltr'>fuere:</span> <span class='ocrx_word' id='word_1_152' title='bbox 963 1777 997 1821; x_wconf 87' lang='lat' dir='ltr'>ut</span> 
     </span>
     <span class='ocr_line' id='line_1_22' title="bbox 191 1837 995 1911; baseline 0.005 -20"><span class='ocrx_word' id='word_1_153' title='bbox 191 1855 240 1908; x_wconf 86' lang='lat' dir='ltr'>pro</span> <span class='ocrx_word' id='word_1_154' title='bbox 251 1837 340 1892; x_wconf 89' lang='lat' dir='ltr'>calore</span> <span class='ocrx_word' id='word_1_155' title='bbox 351 1846 377 1892; x_wconf 85' lang='lat' dir='ltr'>et</span> <span class='ocrx_word' id='word_1_156' title='bbox 392 1855 488 1893; x_wconf 85' lang='lat' dir='ltr'>screno</span> <span class='ocrx_word' id='word_1_157' title='bbox 500 1838 570 1904; x_wconf 83' lang='lat' dir='ltr'>duo,</span> <span class='ocrx_word' id='word_1_158' title='bbox 587 1849 717 1896; x_wconf 84' lang='lat' dir='ltr'>aestaset</span> <span class='ocrx_word' id='word_1_159' title='bbox 732 1850 910 1908; x_wconf 89' lang='lat' dir='ltr'>auctumnus;</span> <span class='ocrx_word' id='word_1_160' title='bbox 941 1858 995 1911; x_wconf 85' lang='lat' dir='ltr'>pro</span> 
     </span>
     <span class='ocr_line' id='line_1_23' title="bbox 192 1911 997 1986; baseline 0.006 -21"><span class='ocrx_word' id='word_1_161' title='bbox 192 1911 759 1986; x_wconf 72' lang='lat' dir='ltr'>autemfrigorehaecduo‚&#39;hicmsctven</span> <span class='ocrx_word' id='word_1_162' title='bbox 797 1917 852 1970; x_wconf 86' lang='lat' dir='ltr'>lata</span> <span class='ocrx_word' id='word_1_163' title='bbox 861 1916 890 1968; x_wconf 92' lang='lat' dir='ltr'>in</span> <span class='ocrx_word' id='word_1_164' title='bbox 900 1917 997 1970; x_wconf 82' lang='lat' dir='ltr'>sensi-</span> 
     </span>
    </p>
   </div>
   <div class='ocr_carea' id='block_1_5' title="bbox 93 1987 996 2062">
    <p class='ocr_par' dir='ltr' id='par_1_6' title="bbox 93 1987 996 2062">
     <span class='ocr_line' id='line_1_24' title="bbox 93 1987 996 2062; baseline 0.002 -20"><span class='ocrx_word' id='word_1_165' title='bbox 93 2039 97 2048; x_wconf 79' lang='grc'>,</span> <span class='ocrx_word' id='word_1_166' title='bbox 191 1987 243 2042; x_wconf 91' lang='lat' dir='ltr'>bili</span> <span class='ocrx_word' id='word_1_167' title='bbox 252 1987 547 2059; x_wconf 86' lang='lat' dir='ltr'>mundoparlectorum</span> <span class='ocrx_word' id='word_1_168' title='bbox 560 1991 799 2062; x_wconf 86' lang='lat' dir='ltr'>constantiumque</span> <span class='ocrx_word' id='word_1_169' title='bbox 811 2005 927 2060; x_wconf 83' lang='lat' dir='ltr'>operum</span> <span class='ocrx_word' id='word_1_170' title='bbox 940 1989 996 2044; x_wconf 84' lang='lat' dir='ltr'>ha-</span> 
     </span>
    </p>
   </div>
   <div class='ocr_carea' id='block_1_6' title="bbox 191 2062 994 2212">
    <p class='ocr_par' dir='ltr' id='par_1_7' title="bbox 191 2062 994 2212">
     <span class='ocr_line' id='line_1_25' title="bbox 191 2062 994 2138; baseline 0.002 -20"><span class='ocrx_word' id='word_1_171' title='bbox 191 2063 257 2118; x_wconf 85' lang='lat' dir='ltr'>bant</span> <span class='ocrx_word' id='word_1_172' title='bbox 272 2062 423 2129; x_wconf 84' lang='lat' dir='ltr'>calculum,</span> <span class='ocrx_word' id='word_1_173' title='bbox 445 2065 474 2120; x_wconf 95' lang='lat' dir='ltr'>in</span> <span class='ocrx_word' id='word_1_174' title='bbox 490 2065 664 2138; x_wconf 79' lang='lat' dir='ltr'>intelligibili</span> <span class='ocrx_word' id='word_1_175' title='bbox 671 2082 745 2121; x_wconf 72' lang='lat' dir='ltr'>uero</span> <span class='ocrx_word' id='word_1_176' title='bbox 757 2065 856 2120; x_wconf 90' lang='lat' dir='ltr'>iudicii</span> <span class='ocrx_word' id='word_1_177' title='bbox 871 2081 903 2118; x_wconf 90' lang='lat' dir='ltr'>ac</span> <span class='ocrx_word' id='word_1_178' title='bbox 913 2067 994 2120; x_wconf 84' lang='lat' dir='ltr'>aeni-</span> 
     </span>
     <span class='ocr_line' id='line_1_26' title="bbox 192 2140 301 2212; baseline -0.018 -19"><span class='ocrx_word' id='word_1_179' title='bbox 192 2140 301 2212; x_wconf 81' lang='lat' dir='ltr'>gmatis.</span> 
     </span>
    </p>
   </div>
   <div class='ocr_carea' id='block_1_7' title="bbox 229 2280 959 2348">
    <p class='ocr_par' dir='ltr' id='par_1_8' title="bbox 229 2280 959 2348">
     <span class='ocr_line' id='line_1_27' title="bbox 229 2280 959 2348; baseline -0.003 -16"><span class='ocrx_word' id='word_1_180' title='bbox 229 2280 292 2339; x_wconf 74' lang='lat' dir='ltr'>Quia</span> <span class='ocrx_word' id='word_1_181' title='bbox 307 2291 361 2332; x_wconf 79' lang='lat' dir='ltr'>cont</span> <span class='ocrx_word' id='word_1_182' title='bbox 376 2284 510 2348; x_wconf 60' lang='lat' dir='ltr'>caelatorio</span> <span class='ocrx_word' id='word_1_183' title='bbox 527 2282 557 2332; x_wconf 80' lang='lat' dir='ltr'>de</span> <span class='ocrx_word' id='word_1_184' title='bbox 574 2282 643 2346; x_wconf 67' lang='lat' dir='ltr'>lionae</span> <span class='ocrx_word' id='word_1_185' title='bbox 659 2281 809 2347; x_wconf 57' lang='lat' dir='ltr'>maudut</span> <span class='ocrx_word' id='word_1_186' title='bbox 829 2287 883 2346; x_wconf 51' lang='grc' dir='ltr'>(υ,</span> <span class='ocrx_word' id='word_1_187' title='bbox 903 2282 959 2348; x_wconf 82' lang='lat' dir='ltr'>la.)</span> 
     </span>
    </p>
   </div>
   <div class='ocr_carea' id='block_1_8' title="bbox 192 2382 995 2532">
    <p class='ocr_par' dir='ltr' id='par_1_9' title="bbox 192 2382 995 2532">
     <span class='ocr_line' id='line_1_28' title="bbox 249 2382 995 2456; baseline 0 -17"><span class='ocrx_word' id='word_1_188' title='bbox 249 2385 291 2440; x_wconf 82' lang='lat'>57.</span> <span class='ocrx_word' id='word_1_189' title='bbox 317 2383 374 2439; x_wconf 88' lang='lat' dir='ltr'>Duo</span> <span class='ocrx_word' id='word_1_190' title='bbox 388 2384 472 2440; x_wconf 85' lang='lat' dir='ltr'>verba</span> <span class='ocrx_word' id='word_1_191' title='bbox 486 2382 632 2456; x_wconf 78' lang='lat' dir='ltr'>divina**)</span> <span class='ocrx_word' id='word_1_192' title='bbox 649 2383 800 2456; x_wconf 80' lang='lat' dir='ltr'>significat:</span> <span class='ocrx_word' id='word_1_193' title='bbox 836 2399 927 2437; x_wconf 88' lang='lat' dir='ltr'>unum</span> <span class='ocrx_word' id='word_1_194' title='bbox 944 2401 995 2439; x_wconf 89' lang='lat' dir='ltr'>co-</span> 
     </span>
     <span class='ocr_line' id='line_1_29' title="bbox 192 2457 991 2532; baseline -0.003 -16"><span class='ocrx_word' id='word_1_195' title='bbox 192 2460 314 2516; x_wconf 89' lang='lat' dir='ltr'>lumnam</span> <span class='ocrx_word' id='word_1_196' title='bbox 325 2477 356 2514; x_wconf 92' lang='lat' dir='ltr'>ac</span> <span class='ocrx_word' id='word_1_197' title='bbox 366 2459 485 2514; x_wconf 84' lang='lat' dir='ltr'>fulcrum</span> <span class='ocrx_word' id='word_1_198' title='bbox 495 2459 663 2513; x_wconf 83' lang='lat' dir='ltr'>constantiae</span> <span class='ocrx_word' id='word_1_199' title='bbox 676 2457 864 2532; x_wconf 83' lang='lat' dir='ltr'>intelligibilis</span> <span class='ocrx_word' id='word_1_200' title='bbox 879 2460 991 2522; x_wconf 87' lang='lat' dir='ltr'>mundi,</span> 
     </span>
    </p>
   </div>
   <div class='ocr_carea' id='block_1_9' title="bbox 191 2598 995 2746">
    <p class='ocr_par' dir='ltr' id='par_1_10' title="bbox 191 2598 995 2746">
     <span class='ocr_line' id='line_1_30' title="bbox 242 2598 995 2648; baseline 0 -8"><span class='ocrx_word' id='word_1_201' title='bbox 242 2604 264 2647; x_wconf 72' lang='lat'>*)</span> <span class='ocrx_word' id='word_1_202' title='bbox 279 2599 376 2640; x_wconf 70' lang='lat' dir='ltr'>Coun:</span> <span class='ocrx_word' id='word_1_203' title='bbox 398 2609 439 2636; x_wconf 80' lang='lat' dir='ltr'>oon</span> <span class='ocrx_word' id='word_1_204' title='bbox 452 2601 604 2647; x_wconf 65' lang='lat' dir='ltr'>prospectione</span> <span class='ocrx_word' id='word_1_205' title='bbox 621 2611 639 2641; x_wconf 85' lang='lat' dir='ltr'>a.</span> <span class='ocrx_word' id='word_1_206' title='bbox 656 2601 784 2648; x_wconf 58' lang='lat' dir='ltr'>immunia:</span> <span class='ocrx_word' id='word_1_207' title='bbox 811 2598 838 2639; x_wconf 81' lang='lat'>0:</span> <span class='ocrx_word' id='word_1_208' title='bbox 857 2603 995 2648; x_wconf 64' lang='lat' dir='ltr'>prom-</span> 
     </span>
     <span class='ocr_line' id='line_1_31' title="bbox 191 2647 476 2698; baseline -0.007 -9"><span class='ocrx_word' id='word_1_209' title='bbox 191 2653 370 2698; x_wconf 75' lang='lat' dir='ltr'>uaa.fortooos.</span> <span class='ocrx_word' id='word_1_210' title='bbox 396 2647 476 2687; x_wconf 86' lang='lat' dir='ltr'>Auch.</span> 
     </span>
     <span class='ocr_line' id='line_1_32' title="bbox 241 2700 690 2746; baseline 0.007 -8"><span class='ocrx_word' id='word_1_211' title='bbox 241 2701 276 2746; x_wconf 57' lang='lat' dir='ltr'>ss)</span> <span class='ocrx_word' id='word_1_212' title='bbox 290 2711 307 2738; x_wconf 92' lang='lat' dir='ltr'>s.</span> <span class='ocrx_word' id='word_1_213' title='bbox 322 2700 377 2738; x_wconf 77' lang='lat' dir='ltr'>noas</span> <span class='ocrx_word' id='word_1_214' title='bbox 390 2700 480 2736; x_wconf 70' lang='lat' dir='ltr'>rotonis</span> <span class='ocrx_word' id='word_1_215' title='bbox 495 2701 584 2738; x_wconf 76' lang='lat' dir='ltr'>divim.</span> <span class='ocrx_word' id='word_1_216' title='bbox 610 2700 690 2741; x_wconf 81' lang='lat' dir='ltr'>Auen.</span> 
     </span>
    </p>
   </div>
   <div class='ocr_carea' id='block_1_10' title="bbox 0 0 1030 3100">
    <p class='ocr_par' dir='ltr' id='par_1_11' title="bbox 0 0 1030 3100">
     <span class='ocr_line' id='line_1_33' title="bbox 0 0 1030 3100; baseline 0 0"><span class='ocrx_word' id='word_1_217' title='bbox 0 0 1030 3100; x_wconf 95' lang='lat' dir='ltr'> </span> 
     </span>
    </p>
   </div>
  </div>
 </body>
</html>
