2050 3100
38 204 154 268 [amaa]
228 209 268 252 au
289 192 466 253 onnnsnc.
491 207 619 253 sunno
638 208 683 253 ιν.
803 204 851 255 403

39 307 188 381 titendo(s.
201 307 379 380 confitentis).
411 309 482 362 Dicit
492 309 600 379 itaque:
622 308 769 374 Quamvis,
782 317 848 373 otu,

39 388 180 455 impotens
191 385 232 437 sis
243 392 396 437 montosam
408 401 439 437 ac
450 384 596 437 caelestem
607 400 688 455 agere
698 385 786 449 viam,
801 385 850 438 sed

40 459 134 514 adhuc
145 458 289 513 attrahunt
299 467 325 513 to
336 458 427 513 media
439 460 487 513 iila
497 458 690 522 condecentia,
706 460 851 513 nihilomi-

41 552 104 599 nus,
118 552 151 589 ea
161 534 298 605 deinceps
309 533 405 587 nolens
415 550 515 606 magna
526 534 695 597 existimare,
709 533 808 589 festina
819 552 850 589 ac

41 626 168 681 propera.
203 610 262 663 Hac
272 625 338 681 ergo
348 611 482 664 sententia
492 609 715 681 constantissima
725 611 755 663 in
765 620 792 663 te
803 610 851 663 fir-

42 694 130 749 mata,
152 701 189 738 ne
204 684 326 755 amplius
337 684 444 755 aliquid
455 684 624 740 obscoenum
634 683 678 738 vel
690 685 772 739 molle
783 686 812 738 in
823 694 849 739 te

43 760 154 815 haereat
170 767 217 813 aut
232 758 312 831 fluat,
334 776 420 830 quum
435 760 605 815 constantius
615 760 655 812 sis
665 768 847 823 constructus,

42 835 149 890 vindex
159 834 233 889 iliud
245 852 277 888 ac
287 834 441 905 deperdens
451 836 553 906 impios
564 834 700 894 iudicium
711 835 780 890 fines
787 844 849 890 tuos

44 928 96 965 non
106 910 319 983 propinquabit.

94 1084 158 1143 Quid
177 1097 211 1135 est
229 1084 387 1149 „Propterea
404 1086 497 1134 vocavit
516 1102 599 1134 ponzen
616 1086 718 1135 civitatis
740 1086 802 1135 illius

340 1152 477 1217 zoorty‘c
498 1154 557 1217 (ib.)

91 1238 142 1328 ⁸50.
169 1274 241 1328 Zoor
257 1272 335 1327 audit
349 1289 455 1335 mono,
476 1273 527 1342 qui
542 1280 583 1326 est
597 1270 807 1343 proficientibus
819 1274 848 1324 in
903 1321 912 1329 .

46 1349 177 1413 salutem,
200 1358 228 1403 et
243 1348 315 1413 illis,
338 1347 385 1418 qui
400 1347 570 1402 incurabiles
579 1355 658 1412 sunt,
676 1348 705 1401 in
716 1345 850 1417 perditio-

46 1442 118 1478 nem.

52 1575 129 1634 Quare
148 1565 328 1640 (dicitur)**):
350 1573 422 1635 „Sol
439 1551 546 1638 epressw
564 1583 598 1622 eet
618 1573 642 1622 in
659 1540 784 1637 tmam‘et
799 1574 848 1623 Lot

112 1647 233 1710 inpressas
251 1651 286 1710 est
303 1641 327 1690 in
341 1639 408 1690 Zoor
427 1639 542 1706 (Sopor).
578 1641 614 1690 Et
632 1641 737 1691 dominus
748 1642 810 1706 pluit
825 1644 849 1690 in
904 1661 907 1667 ·

113 1712 253 1842 Sodomam)
259 1719 282 1758 et
299 1706 455 1759 Gomoarium
468 1709 569 1773 supin·
583 1718 605 1758 et
616 1709 692 1773 iynem
704 1710 734 1758 de
743 1710 809 1758 caelo
818 1714 850 1756 “52

114 1785 166 1844 (19,
179 1785 238 1828 23s.

105 1886 147 1938 54.
168 1881 245 1936 idem
261 1888 371 1950 tempus
386 1879 416 1934 fit
430 1887 485 1933 tam
503 1878 712 1948 proficientibus
730 1879 759 1931 in
774 1878 850 1931 salu·

50 1969 101 2014 tem
120 1975 205 2030 quam
228 1955 432 2010 insanabilibus
446 1955 480 2007 'in
499 1955 686 2024 punitionem,
716 1962 798 2022 atque
821 1955 849 2004 in

51 2035 107 2106 ipso
117 2033 259 2105 principio
273 2030 343 2092 diei,
360 2027 396 2104 [Ἴ
408 2030 513 2084 oriente
528 2029 599 2092 sole,
621 2029 758 2082 iudicium
774 2029 850 2081 illico

52 2107 300 2164 inducit—volens
315 2105 453 2168 indicare,
475 2103 551 2174 quod
565 2103 606 2158 soi
619 2113 647 2158 et
656 2105 716 2158 dies
727 2111 754 2156 et
765 2103 814 2156 lux
824 2111 850 2156 et

52 2183 181 2256 quicquid
198 2180 277 2236 aliud
292 2183 321 2233 in
337 2179 441 2234 mundo
456 2187 497 2233 est
515 2180 666 2250 pretiosum
684 2195 716 2232 ac
734 2176 848 2239 bonum,

52 2258 222 2330 sapientibus
232 2257 301 2310 solis
311 2254 459 2309 distributa
470 2262 548 2316 sunt,
569 2255 674 2308 nomini
686 2260 778 2306 autem
787 2253 851 2306 illo·

53 2353 120 2400 rum,
142 2348 263 2404 quorum
274 2330 438 2384 incurabilis
450 2337 491 2383 est
505 2329 622 2383 malitia.
661 2330 699 2382 Dc
712 2328 787 2382 oaelo
801 2344 851 2381 au·

54 2418 114 2473 tem,
135 2409 212 2463 unde
223 2407 294 2460 fiunt
305 2405 437 2459 annuales
450 2412 626 2474 tempestates
637 2403 805 2476 pluviaeque
816 2401 850 2455 ad

56 2485 250 2539 incrementum
265 2481 422 2552 germinum
438 2487 572 2544 satorum,
595 2487 677 2550 atque
692 2477 802 2531 arbores
816 2475 851 2526 ad

57 2559 259 2650 productionem
277 2553 417 2611 fructuum
430 2556 459 2610 in
469 2555 565 2609 cibum
575 2555 719 2608 hominum
730 2556 851 2603 caetero-

99 2701 118 2746 Ι)
130 2701 154 2739 ln
164 2697 312 2738 sacrosantis
322 2695 454 2734 (inArnion.
465 2699 487 2735 et
495 2696 556 2734 Lat.:
579 2691 661 2742 Σηγῶρ,
672 2690 745 2735 decor.
771 2686 849 2722 Aucti.

100 2766 131 2814 ¹¹)
144 2764 180 2805 cs.
188 2764 288 2802 Philonis
297 2763 381 2810 anagn.
390 2773 455 2812 supra
467 2763 516 2802 Vol.
526 2763 563 2800 Vi.
574 2772 595 2808 p.
605 2760 650 2798 269.
