2050 3100
137 177 187 231 2l8
263 179 359 224 PHIL.
378 177 453 223 IUD.
473 174 636 233 QUAEST.
656 174 706 220 ΕΤ
726 176 807 222 SOL.
827 168 940 237 [Π,392.]

131 296 214 335 mnas
224 294 315 348 neque
326 284 547 341 monumentum,
564 273 766 347 qualecumque
777 276 825 339 sit,
846 276 940 332 sinere

136 370 246 408 manere
265 351 346 406 bonis
366 350 400 410 ad
420 350 530 406 felicem
551 350 668 423 gloriam
692 349 935 419 contendentibus3

136 429 248 483 alteram
263 443 417 491 ueroeam,
439 427 506 496 quia
520 426 645 497 instigati
660 424 747 479 livore
762 424 886 488 invidiae
901 425 937 480 ob

136 518 230 561 eorum
251 502 366 555 nimiam
384 500 595 573 prosperitatem
613 498 839 571 pessumdantet
854 516 937 557 suum

136 576 366 641 emolumentum,
387 575 488 631 melius
503 575 678 632 aestimantes
693 574 824 630 damnum
842 575 937 645 potius

135 650 283 715 sustinere,
295 668 380 722 quam
390 669 405 705 a
416 652 540 714 caeteris,
553 666 622 721 quos
633 648 739 717 nolunt,
751 648 858 721 aliquid
869 649 936 706 boni

134 726 271 779 invenire.
312 724 385 792 Quid
405 727 479 780 enim
498 724 660 796 impediret,
682 725 746 795 quis
767 724 881 779 dixerit:
913 724 936 779 Ο

134 800 259 856 omnium
270 801 442 865 stultissimi,
458 799 547 855 fontes
558 800 673 855 intactos
683 799 855 870 relinquere,
865 815 935 869 quos

134 875 207 929 alius
217 874 368 941 invenerit,
381 883 411 931 ut
421 875 504 931 etiam
515 884 686 931 succurreret
697 881 803 938 vestrae
813 875 935 929 necessi-

133 950 194 1004 tati.
239 950 382 1006 Caeterum
397 947 567 1021 respondens
584 946 623 1023 [Ἴ
638 948 740 1019 aliquis
754 948 839 1005 dieat:
871 946 934 1007 Noli

134 1042 267 1097 quaerere
278 1026 312 1080 ab
323 1024 470 1080 invidiosis
480 1025 614 1079 rationem
625 1014 760 1078 libertatis
765 1020 805 1097 *),
825 1024 874 1094 qui
884 1040 934 1093 pro

134 1100 235 1157 damno
254 1108 367 1169 censent
384 1101 499 1173 gratiam
517 1098 641 1169 aprobis
656 1098 793 1171 largitam.
831 1098 935 1153 Littera

134 1174 204 1230 haec
218 1174 419 1246 complectitur.
437 1211 441 1226 ·.
458 1172 537 1240 Quod
550 1181 640 1232 auten
652 1172 688 1229 ad
697 1180 816 1233 mentem
826 1172 932 1236 attinet,

133 1249 333 1321 quaerendum.
372 1250 445 1305 Putet
458 1254 524 1319 [ossi
541 1248 666 1321 symbola
684 1255 749 1303 sunt
768 1246 935 1319 disciplinae

133 1334 160 1379 et
173 1324 386 1396 intelligentiae3
412 1320 567 1395 profundus
582 1330 673 1377 autem
686 1329 728 1376 est
739 1322 935 1393 unusquisque

134 1415 228 1452 eorum
244 1407 270 1452 et
285 1398 349 1453 finis
363 1401 492 1469 proprius
507 1406 561 1462 est,
583 1405 614 1452 ut
625 1404 706 1469 potus
717 1397 753 1451 sit
761 1393 933 1453 sitientibus.

183 1571 204 1618 1·)
221 1582 239 1610 s.
254 1572 372 1618 apolectum
386 1581 515 1618 umerorum.
541 1561 639 1611 Aueln¹

133 1799 281 1853 memoriae
291 1798 461 1870 relinquere,
477 1801 553 1870 quod
563 1801 686 1856 benivoli
700 1819 749 1874 pro
764 1801 934 1873 capessenda

132 1873 220 1946 gloria
233 1871 358 1941 student3
389 1874 524 1940 secunda,
545 1893 595 1947 pro
609 1876 716 1932 invidia
731 1885 758 1932 et
772 1877 858 1933 livore
866 1892 934 1947 pro-

132 1947 271 2022 speritatis
282 1947 456 2004 comndlnem
466 1948 689 2022 despicientibus
696 1950 856 2015 utilitatem,
871 1967 934 2005 ma-

132 2021 220 2077 lentes
240 2022 313 2077 laed'i
330 2025 423 2095 potius
441 2040 528 2096 wem
545 2027 647 2081 sentire
662 2025 805 2081 beneficia.
844 2026 934 2080 Nemo

131 2097 237 2153 vetabit
247 2095 365 2163 fontem,
375 2109 401 2154 o
413 2101 588 2155 stolidissimi
597 2101 754 2166 hominurn,
776 2101 934 2172 banispro-

131 2173 207 2226 visas
217 2173 246 2226 in
259 2189 326 2237 usu,
346 2175 476 2246 quodque
486 2175 659 2249 indigentiae
667 2175 935 2248 vestraeprolicien·
963 2201 970 2212 ·

131 2254 172 2300 tes
187 2247 310 2318 pulsavit
323 2249 440 2321 aliquis,
461 2266 511 2322 pro
526 2250 571 2305 his
586 2250 706 2306 dicendo
717 2251 821 2306 nullam
837 2257 932 2304 entare

131 2321 280 2377 invidiosis
292 2322 482 2379 defensionem
496 2325 732 2389 rationabilitatis,
753 2324 935 2396 prodispen-

131 2396 178 2451 dio
189 2398 390 2468 accipientibus
404 2401 570 2470 optimorum
585 2401 709 2455 virorum
722 2401 834 2472 gratias.
874 2398 933 2454 Sed

132 2471 202 2526 altae
211 2473 311 2526 mentis
323 2473 478 2527 coniectura
489 2473 541 2528 hoc
551 2475 688 2545 exposcit,
709 2479 827 2543 {mseras
840 2481 933 2540 puteo-

131 2561 190 2597 rum
205 2548 328 2617 auspicia
343 2560 407 2602 esse·
421 2546 646 2618 disciplinarum,
670 2565 788 2619 quarum
803 2547 932 2618 singulae

131 2616 257 2689 altaeque
270 2621 334 2675 v'ias
346 2622 410 2675 linis
428 2622 589 2676 sitientibus
606 2629 687 2692 potus
707 2631 758 2677 est.
797 2623 932 2676 Esoarum

130 2686 225 2757 (muro.
240 2695 352 2766 Harum)
366 2712 431 2768 ergo
445 2705 581 2751 amatores
592 2696 722 2751 iniectam
735 2701 932 2760 abstractionem,
