2050 3100
145 175 178 224 ot
261 172 359 218 enm.
378 169 454 214 1un.
475 164 638 224 oannes.
656 163 706 207 nn
727 160 808 204 son.
830 147 950 224 [uma]

201 274 311 330 Etenim
338 270 412 326 illud
439 265 515 340 quod
543 263 628 320 dixit:
671 259 802 330 Apparuit
828 262 852 312 ei
885 263 955 312 deus

82 379 85 384 ·
146 355 253 422 (18,1);
277 356 318 403 et:
338 348 458 406 Domine,
479 347 504 396 ei
516 357 576 396 uere
592 341 679 393 inueni
692 340 808 404 pretium
822 350 912 388 eorum
927 343 955 386 ta

147 434 197 492 (rr.
214 428 254 491 3);
275 429 325 477 et:
352 421 390 475 Ne
406 429 526 474 transeas
539 430 641 469 servum
660 421 732 466 tuum
750 411 823 477 (ib.);
864 415 954 478 atqua

145 498 232 554 illud:
262 498 304 552 Itu
319 501 374 564 tue,
393 502 423 546 ut
436 495 530 545 dictati
548 497 598 556 (vr.
614 495 654 554 t);
689 501 741 538 nee
751 500 805 539 aon
815 481 891 556 quod
904 481 955 536 di-

146 582 221 628 ctum
240 579 283 626 est
301 570 341 624 oi:
374 569 423 622 uu
436 575 474 620 eet
488 565 575 620 &reu
592 578 662 619 uuor
679 557 745 614 tua?
764 563 814 622 (vn.
832 561 874 624 9);
906 564 951 611 et:

146 651 282 704 Revertens
302 649 403 698 ueuium
424 645 460 696 ud
482 649 506 694 te
528 649 639 705 tempore
661 639 711 688 isto
735 631 862 700 (ve.1o);
907 639 951 684 et:

146 725 224 778 Discit
240 727 265 775 ei
281 724 357 774 deuo:
385 717 473 782 Quare
489 718 549 768 risit
566 707 670 766 Sarra?
693 715 742 774 (ve.
764 711 807 771 13)
825 735 863 746 -
880 705 955 760 haec

147 797 252 861 omnia,
284 795 412 864 inquam,
443 788 568 844 indicant
588 783 788 856 apparitionem
807 789 955 851 tamquam

147 873 203 927 dei.
243 869 327 936 Quasi
342 883 407 922 vero
421 863 456 919 ad
469 863 545 918 viros
558 859 719 932 peregrinos
736 862 861 928 spactant
880 855 952 909 ista:
1014 919 1015 922 Ἴ

146 948 259 1001 Eleouue
268 947 356 999 oeulos
367 957 428 996 euos
439 943 518 1001 uidit,
531 945 555 990 et
565 952 621 991 eece
633 943 685 989 tres
693 937 746 988 oiri
754 935 858 986 stabunt
867 947 955 998 supra

147 1039 217 1083 cum,
234 1027 262 1074 et
274 1019 396 1074 Cucurrit
410 1019 446 1070 ad
460 1030 513 1074 eos,
541 1019 568 1065 et
586 1011 683 1064 Luceut
695 1011 772 1074 pedes
789 1014 900 1066 vestroe,
924 1011 955 1058 et

151 1097 261 1151 Umbros
275 1101 377 1161 captate
389 1095 441 1146 aut·
451 1095 503 1144 ieta
517 1089 623 1152 urbera;
650 1091 677 1137 et
685 1083 842 1138 Manducute
853 1086 879 1132 et
888 1079 955 1134 Stu-

148 1177 192 1226 hut
210 1188 298 1226 eorum
311 1173 361 1230 cie,
382 1173 409 1220 et
422 1164 602 1220 Surreueruut
621 1162 680 1216 iude
697 1161 750 1210 uiri
770 1159 832 1218 (vna.
848 1161 870 1202 2.
883 1160 909 1204 4.
928 1161 954 1204 5.

146 1254 171 1297 8.
186 1251 242 1310 16).
281 1246 377 1314 Itaque
386 1257 436 1312 per
448 1236 485 1312 [Ἴ
497 1245 643 1306 utramque
653 1233 798 1292 virtutem,
820 1228 956 1299 pietatem

147 1329 175 1375 et
194 1320 394 1375 humanitatem
418 1311 559 1384 dirigebat
583 1324 679 1364 omnes
699 1305 734 1360 ad
752 1303 955 1375 praescriptam

147 1391 332 1466 politicam*).
380 1391 434 1442 Ista
454 1387 529 1439 enim
548 1383 662 1454 politica
685 1396 765 1434 suam
789 1379 875 1432 vitam
900 1393 954 1448 pro

148 1467 276 1537 exemplo
295 1462 425 1518 exhibuit
443 1459 549 1513 nationi
568 1457 626 1510 dux
646 1473 678 1510 ao
695 1455 773 1526 origo
793 1455 854 1507 eius
875 1469 955 1507 oom-

147 1550 257 1614 pertus‚
273 1537 379 1609 quippe
390 1535 439 1606 qui
449 1532 609 1588 oculotenus
620 1531 757 1587 visionem
768 1527 882 1592 videns,
895 1544 954 1583 non

148 1633 214 1671 vero
224 1615 505 1669 constantem-tam
521 1606 596 1660 enim
609 1606 707 1670 deum,
728 1621 812 1677 quam
827 1604 956 1676 peregri-

148 1708 198 1746 nos
208 1688 314 1744 vidisse
329 1700 360 1737 sa
373 1682 577 1755 imaginabatur
589 1710 640 1745 —,
662 1697 782 1751 aequum
797 1678 879 1733 duxit
893 1686 957 1733 tum

149 1767 221 1819 siout
237 1778 302 1833 erga
321 1758 404 1814 deum
423 1758 553 1827 pietatem
569 1750 675 1819 colere,
699 1763 758 1809 tum
777 1754 850 1808 siout
870 1770 956 1824 pere-

149 1839 238 1913 grinis
263 1834 429 1904 aequitatem
455 1831 568 1888 unionis
589 1848 620 1885 ae
639 1830 840 1885 humanitatem
860 1836 958 1883 osten-

150 1914 224 1968 dere.
264 1910 335 1963 Hinc
348 1924 415 1961 ansa
428 1915 507 1977 capta
520 1905 647 1961 nonnulli
658 1918 817 1959 mensuram
827 1902 958 1973 pondus-

149 2004 204 2060 que
224 1983 384 2039 harmoniao
403 1998 548 2053 corporeae
566 1980 757 2052 excogitarunt
772 1977 811 2051 (in
827 1977 890 2051 deo)
905 1978 958 2033 ab·

149 2061 239 2121 normi
253 2058 398 2130 opinione,
420 2055 654 2129 quemadmodum
669 2071 783 2109 severus
799 2052 847 2107 ille
858 2061 885 2108 et
894 2052 959 2107 sui-

150 2139 246 2193 ficiens
257 2132 413 2189 inscientia
429 2132 543 2202 exponit
553 2132 700 2193 Humanae,
722 2128 821 2187 decore
834 2128 911 2182 vitae
926 2135 959 2181 ut

150 2211 282 2285 pulchrae
303 2207 462 2263 harmoniae
476 2222 531 2259 non
546 2204 629 2260 licere
644 2202 790 2273 superbire
806 2219 838 2257 ao
852 2219 959 2257 noxam

151 2288 259 2351 subire;
286 2284 324 2337 ait
338 2282 426 2337 enim:
448 2280 625 2335 Divinitatem
641 2276 776 2350 fingentes
786 2276 840 2331 sub
851 2276 959 2331 simili-

150 2362 248 2418 tudine
263 2356 423 2412 existimant
437 2353 558 2408 humana
572 2352 659 2411 forma
674 2350 896 2423 pulchritudinis
906 2368 960 2423 ap-

150 2436 277 2510 paruisse
290 2447 373 2501 saepe
388 2429 515 2499 saepius,
538 2426 572 2481 ab
585 2426 715 2497 opinione
725 2426 878 2483 multorum
889 2426 960 2480 deo-

150 2530 213 2568 rum
239 2526 293 2563 non
312 2504 497 2565 discedentes.
547 2502 651 2559 Versus
671 2509 763 2557 autem
781 2500 850 2555 tales
873 2510 955 2556 eunt:

150 2608 361 2624 ,-,.......--

125 2686 131 2699 .
152 2714 185 2749 Π.
202 2662 223 2706 1)
244 2670 266 2747 ἑ.
285 2664 353 2745 omues
371 2662 415 2698 eoa,
442 2653 479 2701 qui
494 2662 516 2691 re
533 2652 660 2699 compserunt
681 2651 704 2687 tu
727 2632 898 2692 concitationem
917 2664 958 2701 po-

160 2722 217 2749 diae.
269 2719 298 2747 [10
320 2734 325 2745 .
