2050 3100
165 155 197 208 lo
392 157 577 204 anmoins
601 157 738 204 IUDAEI
839 155 994 234 [1,aa.n.],

165 275 314 330 ecquonam
333 259 486 314 ministeria
506 256 634 312 inutilia?
662 257 717 313 Ubi
734 267 802 314 sunt
822 277 973 334 corporum
993 235 994 298 l

164 334 257 390 vires‘l
269 335 364 389 Narret
373 333 456 398 Aiax,
468 334 492 388 si
503 333 594 401 adast;
607 332 681 388 dicat
691 331 828 389 Achilles.
871 337 971 392 Datur-

165 427 200 464 ne
213 410 317 466 alicubi
332 408 510 480 pulchritudo
525 407 665 479 corporis‘l
683 410 760 464 Dicat
771 409 898 476 Helena,
910 431 973 466 nar-

166 494 207 540 ret
215 486 305 548 Paris,
324 484 475 538 Amazones
485 482 615 538 referant.
653 482 732 550 Quod
742 485 767 538 si
778 483 851 540 haec
862 488 972 542 animae

164 558 366 631 providentiam
377 555 414 630 [Ἴ
424 560 591 613 constituere
601 567 755 630 nequeunt,
767 567 843 630 quae
854 579 970 634 gemens

164 635 363 706 suspiransque
374 631 408 686 ab
418 632 463 687 his
473 632 591 697 recedit,
606 633 743 706 quomodo
753 651 830 690 nunc
840 637 970 692 dicamus

164 709 235 764 dona
253 707 393 763 fructuum
410 709 674 779 possessionumque
692 709 788 780 impiis
804 709 969 768 felicitatem

165 781 277 838 afferre?
296 783 415 854 Ditescat
423 783 542 855 impius,
560 792 590 838 ut
603 783 723 854 amplius
738 782 832 839 doleat
845 785 897 842 his
907 788 969 844 sule

165 859 240 922 latis,
257 865 288 912 ut
297 865 323 912 et
332 866 414 912 nauta
423 858 524 929 opibus
535 858 681 915 navalibus
691 857 864 931 deperditis:
886 880 968 935 quum

164 943 256 989 tamen
270 934 338 988 iusti
355 933 464 990 animus
482 941 591 988 maneat
607 933 727 1008 integer,
748 937 887 1006 quamvis
908 930 968 992 lr'aec

164 1009 293 1064 abierint.
594 1033 596 1040 ,

219 1101 262 1152 60.
283 1098 402 1152 Noscant
412 1097 518 1166 itaque,
533 1095 635 1150 iterum
645 1095 722 1160 dico,
738 1105 859 1152 noscant
874 1100 967 1156 adver-

164 1173 231 1228 sarii
254 1180 388 1235 amatores
412 1171 608 1234 accusationis,
643 1170 718 1241 quod
744 1171 838 1225 iustus
864 1175 966 1230 nullam

163 1248 275 1303 omnino
285 1249 354 1302 inse
363 1247 467 1318 patitur
476 1244 647 1317 passionem,
668 1247 719 1300 etsi
729 1246 852 1300 nimium
866 1251 966 1306 multae
993 1269 994 1272 ¹

164 1325 221 1378 sint
230 1323 352 1395 corporis
363 1319 538 1384 afflictiones,
559 1319 647 1376 donec
660 1321 769 1376 animus
782 1326 965 1392 permanetis
993 1329 994 1382 l

162 1399 320 1470 integritate
329 1397 406 1452 vitiis
417 1404 539 1458 carente,
549 1397 601 1450 etsi
612 1395 706 1467 inopia
715 1403 741 1450 et
752 1395 840 1452 lamas
853 1407 884 1453 et
895 1399 965 1454 infir·

163 1475 245 1526 mites
255 1472 445 1544 superveniat;
466 1471 598 1541 quoniam
612 1471 785 1541 providentia
801 1487 834 1525 ea
847 1481 966 1544 praestat
993 1491 994 1526 ς

163 1548 249 1611 insto,
269 1564 341 1618 quae
353 1546 469 1619 integris
480 1546 543 1601 eius
553 1545 675 1601 moribus
691 1544 896 1617 respondeant,
920 1552 966 1605 alio
993 1552 994 1611 ξ

163 1622 244 1675 modo
255 1622 410 1693 adimplens
420 1621 598 1683 voluntatem,
614 1622 664 1675 etsi
675 1622 755 1675 malis
766 1621 965 1680 circumdetur.
993 1614 994 1647 ³

162 1696 356 1751 Providentiae
375 1695 516 1766 siquidem
535 1696 678 1767 proprium
696 1704 737 1751 est
754 1712 851 1751 curam
875 1716 967 1773 gerere

163 1771 350 1843 singulorum,
363 1786 450 1841 qpum
460 1771 496 1823 sit
506 1771 694 1825 inornatorum
704 1771 863 1835 animorum
874 1776 967 1846 provi-

164 1844 257 1899 dentia
267 1844 302 1899 ad
313 1846 443 1897 virtutem
454 1845 586 1899 invitans.

221 1936 263 1990 67.
284 1936 365 1991 Porro
375 1936 399 1988 si
410 1935 541 1991 rationale
552 1935 624 1992 illud
634 1935 749 1999 animal,
769 1936 917 1993 hominem
928 1942 967 1994 in-

163 2028 261 2085 quam,
281 2027 313 2066 eo
328 2010 403 2083 quod
416 2028 482 2081 pars
496 2011 534 2065 sit
549 2020 575 2065 et
589 2012 675 2083 partis
685 2028 749 2083 pars
759 2012 844 2065 totins
855 2016 964 2076 mundi,

164 2088 287 2142 diximus
302 2086 505 2158 providentiam
520 2085 621 2140 habere
636 2085 669 2141 ad
684 2084 805 2140 curanda
818 2094 878 2141 tam
889 2089 966 2143 bruta

164 2162 294 2219 animalia
304 2178 387 2234 quam
398 2161 555 2225 rationalia,
567 2178 616 2215 cur
626 2178 679 2215 non
691 2161 792 2215 maiore
802 2160 867 2217 iure
878 2166 965 2219 virtu-

163 2246 219 2293 tem
238 2254 317 2292 suam
336 2235 523 2291 universalem
541 2243 665 2290 exerceat
684 2234 861 2306 providentia
886 2238 964 2294 insita

163 2314 294 2367 universo
304 2312 416 2376 mundo,
429 2319 589 2365 cunctorum
600 2309 705 2363 habens
716 2326 819 2373 curam,
835 2315 965 2381 quamvis

163 2387 276 2442 effectus
286 2387 454 2457 impediatur
460 2385 628 2457 quandoque
638 2384 712 2457 apud
721 2384 872 2439 nonnullos
883 2390 966 2443 ratio-

164 2442 361 2533 repraeditosl
374 2462 405 2516 Si
412 2469 502 2516 autem
511 2460 687 2531 providentia
697 2477 751 2515 non
761 2460 906 2531 corripiat,
913 2480 965 2517 non

163 2537 273 2605 puniat,
294 2553 349 2589 non
364 2536 435 2590 bona
449 2535 543 2598 faciat,
565 2551 619 2589 non
629 2534 705 2606 leges
716 2533 796 2598 ferat,
813 2536 910 2605 qualis
919 2538 965 2592 illa

162 2610 214 2661 erit
224 2608 260 2681 [Ἴ
269 2610 452 2679 providentia,
463 2608 593 2663 omnibus
603 2608 682 2665 hisce
692 2609 842 2666 inutilibus
852 2628 885 2665 ac
897 2614 965 2667 otio-
993 2608 994 2669 l

163 2680 202 2731 sis
211 2683 407 2737 manentibus?
