2050 3100
124 105 173 158 att
254 112 350 158 rain.
370 112 445 160 ιω).
466 111 628 169 Qntasr.
646 111 696 154 an
716 109 793 154 son.
814 103 930 171 [nana]
1010 94 1011 161 ζ

145 253 211 312 Quid
225 265 279 304 aunt
295 255 423 318 „tannim
440 253 581 306 candelabri
594 262 617 302 et
631 251 769 315 braama
788 257 841 312 (2⁵,
852 257 912 314 38.)
1010 216 1011 223 ἵ

146 397 147 402 1
179 360 222 414 8⁰,
250 358 372 426 lanuino
390 359 572 414 saumonem
590 371 690 410 nomen
703 355 798 410 sortita
811 363 878 408 sunt
893 355 931 409 ab

125 430 289 505 ἀναβάλλειν,
296 439 481 500 tupumittsre,
494 446 526 485 eo
535 430 611 501 quod
620 431 693 484 siout
703 429 824 484 lucernis
835 429 871 484 ad
883 430 931 484 lu-

124 525 188 564 men
203 507 380 564 excitandum
393 505 713 576 oleumsupermittitur,
729 505 768 561 ita
778 504 929 560 luminosis

124 583 213 638 stellis
224 600 238 636 a
249 581 359 639 caelesti
370 580 485 653 sphaera
496 597 607 636 omnem
616 580 707 636 lucem
716 581 852 651 praestari
860 596 929 633 oon-
1010 604 1011 617 ,

124 657 197 728 tigit.
230 658 299 714 Nam
310 654 545 726 quemadmodum
556 653 594 730 [Ἴ
605 653 928 726 quidquid'luminosum
1010 662 1011 731 i

123 731 154 796 in
167 730 255 786 oeulis
271 740 325 795 est,
348 731 383 786 ab
394 731 484 788 anima
494 731 625 803 irrigatur
634 731 771 786 -anima
781 729 857 784 enim
866 746 929 783 ma·
1010 754 1011 769 ι

123 807 167 877 gis
179 804 375 860 luminiformis
387 813 428 861 est
437 836 488 870 -,
506 805 594 861 simili
604 805 685 862 modo
695 813 723 860 et
732 821 804 876 qnae
814 805 845 858 in
859 804 928 858 stol·
1010 826 1011 877 j

124 880 161 934 lis
170 879 280 936 claritas
290 888 332 934 est
342 880 427 945 lueis,
443 881 512 936 solet
522 898 559 937 ex
569 881 680 936 aethere
689 881 842 951 purissimo
854 879 927 932 reni-
1010 902 1011 909 ¹

123 971 189 1026 pere
203 954 445 1013 illuminationem.

163 1094 242 1152 Quare
257 1096 400 1146 candelabro
413 1065 558 1160 ¹„pondua“
575 1096 693 1146 distribuit
709 1096 846 1159 „talentum
864 1112 893 1143 ex

363 1180 421 1212 auro
435 1166 540 1227 puro“?
559 1169 612 1225 (25,
628 1163 683 1228 39.)

180 1269 222 1319 81.
253 1267 351 1320 Arcem
370 1267 397 1320 e't
413 1281 538 1319 mensam
557 1282 589 1319 ao
606 1265 783 1319 thuribulum
797 1281 926 1318 mmatrts

124 1339 293 1412 quibusdam
312 1348 409 1396 notans
424 1341 536 1404 scribit,
558 1340 717 1396 candelabri
732 1355 799 1394 vero
812 1355 926 1394 mensu-

124 1431 183 1472 ram
193 1431 247 1470 non
258 1415 342 1482 dixit,
356 1415 406 1470 sed
413 1419 515 1484 pondua
524 1417 690 1488 assignavit:
721 1431 753 1470 en
763 1413 838 1486 qnod
849 1429 925 1487 sym·

124 1488 233 1555 bolum,
250 1499 281 1545 ut
289 1491 372 1565 paulo
382 1491 512 1563 superius
522 1484 595 1556 diii,
615 1490 812 1550 candelabrum
827 1498 869 1544 est
881 1496 925 1544 to
1010 1520 1011 1543 n

124 1565 180 1619 tius
190 1564 270 1619 caeli.
310 1566 423 1624 Caelum
433 1574 525 1621 autem
535 1566 651 1639 sphaera
660 1583 748 1638 quum
758 1567 809 1631 sit,
826 1582 924 1637 expers

124 1646 167 1693 est
185 1639 429 1707 instrumentorum
447 1642 596 1713 imparium
619 1659 777 1707 mensurae,
798 1641 923 1713 paritatis

124 1714 219 1787 regula
230 1725 386 1789 coaptatum
394 1716 549 1773 seeundum
559 1716 676 1789 figuram
686 1725 713 1772 et
723 1717 862 1772 diversam
874 1733 923 1770 na-

124 1798 224 1845 turam.
263 1794 365 1847 Pondus
377 1800 467 1849 tamen
478 1792 596 1863 accepit,
613 1794 744 1864 quoniam
753 1793 846 1847 omnia
855 1808 924 1862 pon-

125 1864 219 1922 derata
228 1874 290 1939 post
299 1866 371 1921 illud
381 1875 454 1921 sunt.
487 1866 624 1933 Quoniam
633 1867 704 1924 nibil
715 1866 867 1921 sublimare
874 1882 924 1937 per

125 1957 155 1994 se
175 1942 313 2006 consistit,
336 1941 385 1997 sed
399 1956 486 1997 umne
505 1944 656 2014 quicquam
669 1941 806 2013 pusillum
821 1958 852 1995 ao
866 1957 924 1994 ma·

125 2031 224 2087 gnum,
254 2025 395 2087 tamquam
418 2017 452 2071 ab
472 2016 631 2073 admirabili
649 2016 753 2074 artifice
770 2016 923 2071 seeundum

125 2090 195 2145 caeli
210 2091 343 2146 rationem
358 2092 545 2156 invisibilem,
568 2093 691 2166 vigorem
706 2091 847 2163 praeferre
859 2107 924 2145 oon-

125 2166 226 2233 suevit.
264 2168 397 2220 Talentum
407 2184 471 2222 vero
482 2168 596 2221 unitatis
607 2166 690 2221 babet
699 2166 921 2229 similitudinem,

125 2242 192 2312 quia
211 2257 298 2294 unum
317 2249 358 2294 est
372 2242 479 2297 caelum
495 2251 522 2297 et
536 2244 640 2297 nemini
655 2242 702 2296 alii
718 2240 811 2296 simile
826 2258 923 2297 secun·
1010 2239 1011 2284 l

126 2314 193 2371 dum
208 2315 324 2387 figurem
338 2316 478 2388 viresque.
518 2319 643 2390 Namque
656 2326 772 2388 quatuor
791 2316 921 2371 elementa
1010 2369 1011 2380 ,

126 2392 316 2463 cognationem
336 2390 439 2447 habent
453 2392 525 2446 inter
538 2410 569 2447 se
583 2401 638 2447 tam
652 2391 820 2457 substantia,
842 2408 920 2464 quam
1010 2387 1011 2452 Ϊ

175 2561 196 2605 ⁸⁵)
210 2560 264 2597 Aliis
278 2565 404 2602 emunctoria
417 2567 436 2601 et
448 2567 596 2611 suppernata,
620 2576 645 2605 eo
659 2566 716 2613 quod
729 2568 751 2605 in
765 2565 801 2605 Gr.
815 2568 879 2614 vulgo
892 2566 920 2604 le·

104 2622 110 2635 =
125 2610 188 2652 gutur
200 2609 237 2644 τὸν
249 2609 376 2660 innovatione
388 2610 461 2649 καὶτὰ
477 2612 608 2661 bunditiam,
634 2616 715 2655 Verum
731 2617 793 2655 Phllo
810 2626 849 2664 pro
866 2621 920 2655 ente·

125 2656 175 2691 riori
189 2656 274 2695 videtur
287 2660 328 2705 legi
342 2662 397 2698 vello
412 2656 507 2707 ἆνιὶβολα.
533 2663 613 2704 Auen.
