2050 3100
200 119 249 174 35l
323 125 420 170 PHIL.
439 123 512 169 tun.
533 122 696 182 Quanam.
715 123 764 168 ET
784 124 865 170 SOL.
885 118 984 185 [ubit]

315 271 363 322 Cur
380 288 410 322 ec
427 271 497 336 liquit
513 271 645 336 enpurias
663 276 738 320 arca?
755 273 877 337 (25‚10.)

249 379 292 432 53.
315 372 554 441 Quemadmodum
568 373 696 427 animalis
711 381 793 444 caput
805 374 929 444 primum
941 383 986 436 est,
1005 368 1006 397 ³

194 453 235 508 sic
250 459 277 506 et
290 467 353 505 arca
365 448 525 504 divinorum
538 463 681 515 vasorum:
711 463 796 518 quare
811 456 839 502 et
851 450 988 505 meliorem

194 527 413 594 sanctioremque
423 522 526 576 meruit
535 522 639 585 locum
654 520 712 577 sola
721 523 930 597 intusinadyto
938 525 1006 579 col-¹

194 602 293 667 locata;
327 598 396 652 ideo
414 597 557 652 materiam
576 613 700 668 quoque,
720 613 756 652 ex
775 613 829 668 qua
851 608 894 653 est
913 598 986 662 facta,

193 675 273 761 qnasi
288 673 443 728 necessario
456 670 513 726 fere
527 676 695 739 imputrtdam
709 688 741 725 ac
754 672 1006 744 incorruptibilem

193 749 308 822 contigit
318 765 392 811 esse,
411 747 542 817 quoniam
553 753 580 800 et
591 745 650 810 lex,
666 747 746 800 cuius
758 747 819 817 ipsa
833 757 987 820 receptacu-

194 825 251 878 lum
262 830 332 886 erat
354 820 574 892 incorruptibilis
585 819 648 875 furt
687 820 814 876 Secundo
824 824 957 894 templum
965 831 986 876 et

192 906 275 968 quota
284 898 313 952 in
324 913 355 952 eo
365 895 471 951 ordinis
482 895 628 982 dispositio
638 895 821 960 statuebatur,
833 914 890 952 non
901 899 936 952 ad
945 899 986 952 de·
1005 940 1006 971 ι

193 975 281 1028 cisum
296 980 419 1044 tempus,
442 970 491 1024 sed
507 969 564 1025 ad
556 987 691 1024 immensa
704 972 828 1035 saecula,
848 974 1006 1045 propterea

193 1050 280 1122 magis
300 1047 509 1103 convenientem
526 1045 684 1110 materiam,
704 1047 824 1100 maxime
843 1063 906 1102 eam
923 1064 984 1120 quae
1005 1062 1006 1071 ¹

192 1142 255 1179 cum
266 1124 314 1178 illa
324 1129 457 1196 perpetuo
468 1137 578 1175 manere
588 1127 702 1191 poterat
714 1121 798 1192 elegit
807 1121 919 1188 artifex,
931 1142 985 1178 ves

192 1200 260 1256 bum
274 1215 373 1270 nempe
393 1196 531 1251 divinum.
570 1196 673 1249 Littera
692 1195 770 1250 haec.
808 1195 860 1250 Ad
874 1206 985 1253 mentem
1005 1192 1006 1221 ³

192 1291 257 1329 vero
276 1271 460 1345 imputridum
479 1279 561 1341 atque
581 1271 770 1340 incorruptum
784 1287 850 1326 vere
866 1273 938 1329 nihil
952 1281 985 1328 est
1005 1294 1006 1325 ι

192 1367 227 1404 ex
246 1349 375 1403 terrenis:
408 1363 472 1419 ergo
490 1344 600 1417 quando
620 1343 723 1400 dixerit
740 1345 872 1417 lignum
864 1350 984 1420 imputri-
1005 1386 1006 1393 ι

192 1423 272 1487 dum
294 1422 446 1497 symbolice
462 1422 559 1476 annuit
572 1428 663 1491 partes
678 1421 776 1474 mundi
789 1439 851 1476 sese
871 1424 983 1478 invicem
1005 1424 1006 1429 ’

191 1497 467 1579 comprehendentes,
492 1495 595 1569 quibus
616 1504 773 1568 compactus
793 1494 847 1551 init
865 1513 983 1569 quaeque

191 1572 314 1627 detinent
324 1591 353 1627 se
365 1581 469 1628 mutuo
502 1571 571 1629 Mihi
582 1570 723 1645 videtur*)
734 1579 761 1626 et
770 1572 799 1625 in
809 1572 1006 1628 rationalibus

191 1647 276 1701 animi
292 1647 442 1703 virtutibus
458 1646 497 1719 (id
516 1646 651 1718 evenire),
671 1663 788 1718 quarum
807 1660 985 1733 unamquam-

190 1738 244 1792 que
259 1721 519 1777 immarcescibilem
534 1730 561 1777 et
575 1723 646 1777 senii
666 1729 805 1792 expertem
823 1722 985 1794 incorrupti-
1005 1737 1006 1766 ι

190 1796 331 1867 bilemque
342 1792 379 1869 [*]
392 1812 452 1850 esse
461 1798 585 1870 contigit.
1005 1805 1006 1808 ’

236 1943 278 1993 Cat
309 1960 367 1993 auro
390 1960 453 2008 puro
480 1946 568 2009 obrepit
593 1945 731 1994 intrinsecus
757 1953 779 1993 et
805 1943 948 1993 extrinsecus

477 2016 552 2060 auro?
573 2012 625 2076 (25,
646 2012 698 2076 ll.)

247 2114 290 2167 tt.
311 2112 367 2167 Alii
382 2121 523 2168 externam
537 2112 635 2167 faciem
645 2112 752 2185 fingunt
762 2110 887 2177 fallacia,
904 2114 983 2172 inter-

189 2204 252 2241 nam
267 2204 332 2242 vero
346 2196 445 2243 tectam
460 2188 632 2257 relinquunt,
654 2186 908 2255 curadestitutam;
940 2203 983 2241 ex-

189 2271 294 2317 ternam
309 2264 383 2317 enim
399 2262 548 2334 multiplici
562 2270 658 2316 ornatu
673 2267 806 2316 exornant
815 2262 850 2316 ad
862 2262 982 2317 decorem

189 2346 235 2391 aut
255 2337 463 2392 admirationem
486 2335 640 2391 faciendam
660 2336 831 2392 videntibus.
871 2338 981 2392 Divinus

189 2420 279 2467 autem
294 2421 404 2467 sanetus
418 2414 505 2467 Moses
521 2416 590 2465 tatus
603 2412 682 2481 prius
696 2429 780 2483 quam
792 2418 859 2483 [oria
876 2416 981 2468 exornat

188 2486 515 2558 condignisornamentis‚
524 2502 589 2540 auro
599 2494 629 2540 ut
638 2488 728 2557 prima
738 2487 853 2541 materia
862 2488 980 2542 omnium

238 2623 259 2667 ¹)
276 2623 320 2662 Aut
336 2626 376 2669 alc,
395 2626 486 2663 maxima
503 2626 563 2663 iuxta
576 2626 623 2665 cod.
637 2624 675 2664 G:-
692 2626 789 2665 Retinere
801 2630 870 2667 cutem
882 2638 906 2667 aa
918 2629 979 2665 metm

188 2671 238 2707 miti
250 2673 345 2711 videatur
358 2678 376 2711 et
389 2676 501 2713 rationales
515 2676 597 2714 arbace
609 2677 701 2715 virtuter.
727 2677 807 2716 Ancb.
