2050 3100
141 146 192 200 30l
289 152 384 196 PHIL.
399 148 473 195 IUD.
489 148 651 206 Quausu.
665 147 715 191 ET
732 147 811 193 soL.
831 142 876 208 [11,
886 141 948 205 452]

143 270 211 309 mos.
251 250 386 317 Quoniam
406 248 517 304 vicinus
537 246 740 318 quodammodo
758 255 841 319 atque
861 264 949 320 prope

143 336 184 383 est
201 323 355 381 secundum
374 324 505 378 virtutem
524 322 654 377 honestae
672 322 810 378 voluntati
832 332 950 379 conatus

142 401 276 463 theoriae,
297 414 369 469 quac
384 398 526 471 encycllca
540 395 614 451 dicta
628 405 683 450 est:
713 413 770 468 qua
784 399 909 475 nutritus
923 406 950 452 et

143 477 292 530 instructus
303 473 453 545 quisquam
464 472 554 527 solido
564 472 697 526 exercitio
709 470 846 535 delectui,
869 490 950 528 ucce-

141 558 188 622 pta
198 549 281 603 etiam
291 548 431 602 communi
442 547 543 602 mentis
555 545 718 617 disciplina,
733 548 856 619 supplet.
889 548 951 603 Erit

143 631 234 678 autem
253 631 280 677 et
299 622 423 677 studium
442 620 647 695 encyclicarum
661 619 736 676 haud
749 622 873 693 puerile,
899 623 950 678 sed

143 697 288 763 rationale,
305 697 495 753 aestimatione
504 695 660 768 dignumst
669 696 829 767 spirituale;
857 714 950 768 quou-

143 776 199 827 iam
212 772 366 829 secundum
381 776 679 827 comarumcomarum
688 770 719 825 id
729 771 860 829 conciliat
868 789 949 827 men-

142 856 207 903 tem.

166 948 214 999 Cur
230 949 354 1012 snicrdque
369 948 417 999 silai
432 947 578 1013 sufficiemes
594 948 658 999 iubet
673 946 744 997 mirol
758 961 928 995 commeruere

422 1016 581 1066 inhoatione?
603 1017 663 1080 (ib.)

199 1124 225 1174 6.
250 1119 373 1183 Primum
387 1118 502 1189 quidem
517 1134 648 1173 excessus
659 1115 838 1187 defectusque
850 1116 949 1186 aequi-

142 1196 206 1249 tatis
221 1195 282 1249 sive
294 1195 421 1266 paritatis
435 1193 579 1266 generavit
591 1192 789 1261 inaequitatem
799 1199 882 1261 atque
893 1192 949 1251 im-

142 1270 296 1340 paritatem.
336 1268 371 1324 Ut
391 1275 482 1323 autom
502 1276 530 1323 et
549 1283 600 1340 ego
619 1265 777 1321 fabulosum
794 1266 948 1337 quicquam

142 1360 275 1415 usurpem
294 1342 328 1397 de
348 1342 394 1397 his
412 1342 588 1405 nominibus,
610 1349 698 1396 mater
711 1341 794 1395 istius
808 1340 947 1394 iniustitia

143 1427 198 1481 est,
219 1419 291 1472 sicut
305 1416 404 1471 itidem
418 1418 522 1489 paritas
538 1418 598 1471 sive
613 1415 765 1487 aequalitas
775 1416 881 1469 iustitia
892 1423 945 1469 est.

141 1494 215 1547 lutor
223 1500 314 1546 autem
324 1508 470 1546 excessum
480 1499 506 1546 et
516 1490 655 1546 delectum
665 1491 789 1547 medium
801 1498 875 1545 terret
888 1496 947 1560 sss-

143 1571 243 1636 fioleru,
263 1567 362 1639 inquo
376 1567 490 1624 divinus
506 1565 577 1622 liber
586 1568 640 1623 hoc
649 1569 805 1632 constituit,
827 1566 946 1622 utNilril

143 1643 179 1696 sit
191 1642 287 1699 nimis.
327 1641 467 1706 Secundo,
484 1643 613 1714 proprius
625 1643 702 1698 labor
711 1644 773 1698 eius
782 1643 812 1697 in
823 1657 887 1715 agro
899 1657 947 1696 co-

143 1715 225 1771 lendo
241 1733 369 1770 mensura
384 1725 425 1772 est
439 1716 577 1775 moderata
591 1719 808 1774 necessariorum
818 1717 947 1772 utilium-

142 1807 197 1861 que
212 1790 247 1844 ad
261 1791 430 1862 corporalem
444 1792 542 1848 vitam.
582 1791 694 1848 Sorores
709 1800 800 1848 autem
814 1792 860 1846 isti
878 1808 948 1845 con-

141 1866 230 1936 tigere
249 1863 408 1938 frugalitas,
430 1865 550 1922 facilitas
564 1875 591 1922 et
605 1868 780 1922 inexcessiva
793 1867 895 1928 virtus,
918 1874 947 1919 et

142 1956 223 1993 omne
233 1939 370 2011 quicquid
379 1942 539 2012 superbiam
550 1942 606 1996 sibi
616 1943 703 1996 sumit
714 1940 900 1996 evertendam.

144 2079 181 2145 [⁸]
203 2078 251 2130 Car
267 2080 431 2146 ‚,persectsm,
452 2082 589 2214 mascplppq,
608 2081 770 2210 pan'culatffl
787 2082 850 2132 iubet
867 2083 948 2145 accipi

441 2167 506 2199 ovem
586 2185 593 2212 ,
625 2183 631 2198 .

198 2250 224 2302 7.
250 2251 393 2320 Perfectum
407 2250 561 2306 secuudum
576 2250 718 2322 duplicem
726 2251 945 2322 conditionem*)

143 2331 170 2378 et
183 2325 304 2394 partium
319 2327 440 2397 corporis
455 2327 599 2382 sensitivis
613 2335 640 2382 et
654 2330 769 2383 caeteris
779 2343 888 2399 quoque
899 2327 946 2380 iu-

142 2399 317 2467 strumeutis3
348 2416 412 2453 uam
426 2399 622 2472 imperfectum
631 2419 686 2458 nou
696 2402 761 2458 licet
770 2403 805 2458 ad
815 2418 889 2457 aram
900 2401 947 2456 di-

142 2474 236 2527 vinam
256 2473 360 2528 afferre.
399 2475 434 2529 Et
449 2479 606 2540 masculum,
627 2478 780 2548 imprimis,
800 2478 865 2549 quia
885 2494 946 2532 mas

142 2545 245 2602 femina
264 2547 410 2619 perfectior
427 2556 480 2617 est;
512 2560 680 2623 quapropter
693 2553 777 2608 otiam
790 2570 805 2607 a
819 2552 946 2625 physicis

193 2685 216 2732 'l
229 2687 264 2726 Aa
278 2687 366 2726 verbam
379 2692 466 2730 aetatem
479 2699 497 2730 s.
510 2693 622 2731 ammata.
648 2691 730 2733 Aaou.
