2050 3100
56 231 151 300 [Lau]
198 235 248 281 DE
266 235 541 284 PROVIDENTIA
563 238 729 286 SERMOI,
830 236 862 289 45

24 375 25 381 κ
57 336 195 393 dentibus
206 335 405 406 aprovidentia
415 337 590 408 impositum,
603 357 657 394 non
667 342 806 396 sustinens
816 361 863 398 ao-

57 416 156 485 cipere
166 411 201 466 ab
210 428 347 466 caronam
356 413 508 483 supientiae
522 414 621 479 vitam,
643 415 692 470 sed
705 417 798 472 omnia
812 435 863 491 per

57 506 124 544 eom
139 485 173 559 (a.
188 487 218 540 in
232 503 262 540 se
276 486 347 559 ipso)
363 486 432 542 facta
452 487 487 542 ad
505 488 679 561 genethliaca
698 501 860 557 commenta,

57 565 150 619 fatum
165 560 357 633 fortunamque
370 562 491 626 reducit,
513 571 651 636 totamque
665 567 755 638 ipsam
764 568 862 624 mundi

57 647 189 694 naturam
200 637 235 692 ab
244 637 334 692 stellis
343 637 499 710 dispensari
510 638 627 696 dictitat.

119 723 163 778 78.
188 723 270 777 Enim
284 738 349 778 vero
362 723 415 778 hoc
428 740 480 779 nec
499 725 603 780 clarum
623 741 674 780 nec
693 727 880 782 luminosum·

59 797 134 854 mihi
143 797 254 853 videtur
263 807 464 870 argumentum,
476 800 526 854 sed
536 801 638 855 iniuria
647 802 746 874 ingens
757 802 791 856 ab
801 804 863 856 ani-

58 874 129 928 mali
149 873 261 927 homine
278 875 444 946 excogitato,
475 882 503 928 et
527 874 685 930 adinventio
704 877 860 942 artificiosa,

58 962 135 1020 quae
149 947 241 1003 fallaci
255 947 355 1002 iiiudat
369 948 542 1020 deceptione:
577 950 615 1004 ita
629 959 660 1004 ut
674 967 704 1004 se
718 951 811 1022 ipsum
826 953 862 1007 li-

58 1025 131 1079 bero
146 1023 257 1077 arbitrio
269 1023 458 1151 privarqnquis
472 1024 542 1078 velit
553 1031 581 1078 et
589 1021 722 1079 adversus
730 1025 863 1099 obiurga-

57 1100 153 1154 tiones
173 1098 350 1170 iniquitatum
370 1114 385 1152 a
423 1099 484 1169 ipso
503 1106 670 1170 patratorum
689 1107 862 1170 praetextum

58 1173 119 1228 sihi
130 1187 295 1244 comparare.
334 1170 418 1244 Lapis
431 1174 528 1243 utique
541 1181 665 1244 repertus
681 1173 780 1238 durus,
800 1189 862 1228 eam

58 1265 134 1321 quae
149 1249 178 1314 in
191 1249 327 1318 pravitate
339 1264 406 1319 prae
420 1265 450 1302 se
464 1247 570 1302 ferebat
582 1248 764 1313 voluntatem,
787 1249 862 1304 haud

58 1325 106 1378 sui
122 1323 232 1377 consilii
246 1321 352 1394 proprii
365 1339 437 1396 opus
451 1322 594 1387 dictitans,
608 1323 664 1377 *sed
682 1329 817 1378 astrorum
831 1325 861 1378 in

58 1398 138 1454 caelo
152 1396 394 1462 circumactorum,
415 1414 487 1470 quae
501 1398 648 1470 qualitates
667 1405 791 1453 motuum
811 1415 862 1454 ne·

58 1473 181 1530 cessario
196 1474 226 1526 in
240 1474 341 1536 animis
354 1473 477 1547 singuiis
491 1473 643 1544 perficiant.

117 1550 162 1602 79.
183 1547 276 1619 Atqui
287 1550 429 1605 veritatem
439 1547 558 1622 amat*),
577 1558 605 1604 et
614 1551 766 1622 praesentis
775 1566 861 1621 quae-

56 1625 160 1681 stionis
170 1624 334 1679 solutionem
343 1633 418 1697 optat
428 1633 501 1680 certa
511 1626 701 1697 constantique
710 1625 858 1691 voluntate,

58 1704 85 1755 is
101 1700 196 1755 lucido
212 1716 243 1753 ac
252 1698 329 1753 fideii
340 1702 431 1755 animo
441 1702 529 1756 cernit
538 1700 681 1756 evidenter
691 1700 861 1756 satisfactum

57 1776 149 1831 fuisse
169 1775 236 1828 huic
254 1775 471 1847 interrogationi.
510 1778 580 1831 Nam
598 1777 623 1830 si
640 1775 694 1831 alio
709 1783 791 1847 atque
806 1777 860 1831 alio

57 1850 144 1905 modo
154 1850 269 1904 consilia
278 1858 506 1915 transmutentur,
524 1851 673 1906 oberrante
684 1851 859 1907 rectitudine.

58 1928 165 1983 Verum
179 1925 250 1980 illud
264 1932 326 1979 ante
339 1927 430 1979 omnia
446 1942 578 1997 quaerere
592 1934 710 1998 oportet,
732 1942 802 1981 anne
818 1943 862 1981 er·

58 2018 125 2056 raus
137 1999 281 2071 delinquat
290 2000 348 2064 ilie,
361 2002 410 2072 qui
422 2001 575 2056 libertatem
584 2001 704 2057 hominis
713 2002 860 2056 abscidens

57 2077 154 2131 omnia
164 2074 297 2130 adscribit
306 2076 555 2149 genethlialogiae?
578 2076 860 2149 Idmodornuitipiici

57 2151 274 2223 interrogatione
284 2148 323 2225 [Ἴ
335 2151 541 2223 indagabimus.
574 2151 615 2207 An
626 2152 733 2206 scilicet
743 2160 860 2205 rectores

58 2227 207 2281 civitatum
216 2234 339 2297 oporteat
347 2228 481 2280 sententia
492 2226 588 2281 mortis
598 2226 816 2281 animadvertere
831 2226 860 2278 in

58 2302 162 2365 maios,
179 2302 284 2375 quippe
294 2302 343 2372 qui
354 2317 408 2355 non
420 2301 506 2355 libero
518 2301 630 2355 arbitrio
640 2301 712 2354 maia
726 2300 858 2361 fecerunt,

57 2376 210 2431 sedateilis
220 2375 333 2430 mutatis
342 2377 373 2429 in
387 2376 460 2431 maia
474 2384 599 2439 ruentes,
621 2376 707 2429 vitam
720 2375 861 2445 propriam

58 2452 116 2524 ipsi
135 2465 186 2523 per
202 2465 233 2505 ae
246 2460 321 2505 recte
334 2450 436 2505 ducere
450 2452 648 2522 nequiverunt,
670 2466 705 2503 ex
719 2449 861 2521 tyrannica

59 2536 201 2582 astrorum*
211 2526 332 2597 potentia
345 2542 395 2598 per
409 2528 468 2582 vim
481 2524 577 2581 ductii

114 2605 161 2656 80.
180 2603 332 2673 Numquae
342 2602 391 2656 iila
401 2602 571 2665 estiustitia,
587 2602 633 2654 dos
643 2598 692 2670 qui
703 2598 785 2653 inviti
795 2614 861 2670 pec-

109 2743 132 2788 *)
150 2753 169 2782 a.
183 2745 283 2791 negative
302 2754 351 2784 oum
364 2744 541 2793 interrogatione:
567 2741 666 2789 Alioquin
679 2752 745 2781 noane
757 2744 861 2781 studiosus

57 2794 227 2834 eadmund
252 2794 333 2835 Auch.
