2050 3100
81 257 199 338 [u‚toa.]
256 269 298 315 nt
317 268 497 319 connexu.
519 268 647 317 annno
667 268 712 316 tv.
838 264 888 317 239

79 387 159 434 eam,
172 369 505 441 quiestotececvocatun
532 368 616 425 habet
628 369 712 425 etiam
726 368 890 441 religiosum

78 444 222 517 quoddam
233 442 279 507 id,
293 444 340 501 cui
350 460 451 500 nomen
462 452 505 499 est
513 444 600 503 Iacob.
632 444 705 499 Dicit
712 444 808 515 'itaque
819 452 891 501 tam-

79 536 167 593 quam
191 520 223 575 in
247 520 424 576 consessione
447 535 555 577 morum
577 518 766 589 spiritualium
794 537 890 591 persc-

81 594 207 651 amantia
216 593 253 649 ad
262 593 439 665 religiosum:
467 594 554 665 Perge
568 593 604 649 ad
618 610 746 667 gregem,
768 594 890 651 semilia-

80 687 126 727 res
145 669 280 726 mutuum
299 669 416 727 virtutes
431 684 516 739 puras
530 676 558 725 et
572 668 716 739 pulchras,
738 686 810 741 quae
824 687 889 741 pro-

80 760 211 817 gressum
225 742 372 807 adornant,
394 751 422 798 st
438 743 533 814 accipe
548 742 619 799 mihi
633 743 700 799 inde
713 742 768 800 duo
778 745 889 800 oracula

81 818 136 875 sub
145 817 352 877 nomenclatura
362 816 530 882 haedorum,
541 834 629 873 unum
639 819 750 889 pietatis
764 816 801 894 [Ἴ
813 820 889 875 desi-

80 894 227 958 derosum‚
249 891 365 949 elutum
380 892 576 957 humanitatis,
597 901 629 950 ut
639 910 690 966 ogo
700 893 750 949 illa
759 895 831 966 patri
842 903 889 949 tuo

82 968 199 1027 amabili
209 975 237 1025 et
246 967 377 1040 prudenti
389 975 467 1041 grata
477 975 641 1033 monstrem,
658 968 762 1040 quibus
772 986 889 1025 vescens

81 1042 395 1102 imitatoremtereddat
404 1044 556 1100 constructi
566 1042 632 1099 honi
643 1044 754 1099 consilii
765 1043 839 1116 (sui).

83 1218 134 1269 Car
157 1216 281 1282 rospondit
299 1214 389 1267 Iacob:
425 1216 517 1280 „Ecca
535 1216 606 1267 Esou
618 1218 702 1283 frater
716 1222 783 1265 'mous
799 1216 837 1265 cir
850 1218 889 1280 pi·

151 1285 215 1335 om
233 1293 281 1347 cat,
301 1300 346 1350 eqo
365 1300 421 1333 cero
439 1285 478 1335 eir
495 1284 582 1347 laeam
610 1301 639 1333 oe
646 1284 715 1348 forta
731 1291 840 1332 attrectet
853 1300 889 1331 ma

147 1362 222 1417 poter
238 1367 315 1413 mata,
344 1361 368 1401 tt
385 1368 427 1401 ero
444 1351 470 1401 io
487 1361 614 1417 conspectu
631 1352 682 1401 circe
700 1360 820 1413 tamquam
837 1349 889 1399 iltu-

150 1422 232 1470 soror
249 1420 303 1484 (tt,
320 1420 392 1480 ns.)

138 1542 200 1597 201.
226 1538 388 1596 Coniectura
403 1540 573 1612 suspicionis
587 1536 736 1612 (litteralis)
755 1537 828 1594 iusta
848 1545 889 1593 est

81 1781 184 1838 suadet
202 1783 437 1853 mnoverantiam
455 1781 604 1853 palestrico
623 1780 714 1836 cundo
729 1781 764 1839 ad
779 1797 887 1852 pecora.

82 1857 137 1912 hoc
147 1865 203 1920 est,
214 1856 250 1911 ad
260 1856 337 1912 lenes
346 1865 374 1911 et
382 1872 467 1927 puras
478 1872 572 1920 auras,
588 1855 692 1927 quibus
703 1873 817 1911 censura
828 1856 890 1911 lau-

82 1930 189 1986 dabilis
202 1948 253 1985 sua
267 1934 344 2003 capit
355 1940 517 2004 augmenta:
550 1930 653 2003 Accipe
666 1931 737 1987 mihi
751 1929 817 1986 inde
832 1931 890 1985 ele·

83 2016 143 2062 ctos
161 2022 232 2080 quos
251 2005 373 2078 appellet
391 2005 508 2071 hoedos,
530 2022 618 2060 unum
631 2007 743 2078 pictatis
758 2022 886 2068 amorem,

83 2081 202 2137 alterum
217 2080 407 2136 humanitatis.
446 2078 608 2135 Secundum
623 2080 740 2154 figuram
756 2079 806 2136 hos
824 2095 889 2154 orgo

83 2157 168 2211 etiam
180 2155 253 2228 patri
263 2164 324 2220 tuo,
340 2155 391 2226 qui
401 2162 442 2211 est
452 2155 663 2211 clementissimi
674 2155 806 2228 pectoris,
815 2156 900 2222 ¹titu-¹

83 2231 125 2286 ios
146 2231 348 2286 libentissimos
365 2230 564 2302 pronuntiabo,
599 2230 704 2302 quibus
723 2229 841 2285 refectus
864 2238 890 2282 tc

83 2305 141 2360 sibi
153 2305 275 2360 similem
286 2303 369 2360 iaciat
378 2305 563 2361 destinatione
572 2304 786 2360 benedictionis.

86 2477 184 2544 thutt
199 2478 322 2546 respondit
339 2478 432 2530 Iacob:
458 2479 531 2546 „Est
549 2479 620 2532 Esou
632 2482 717 2546 stater
729 2494 792 2530 meus
804 2478 840 2528 cir
851 2477 891 2540 pi·

153 2545 231 2610 losio,
258 2563 304 2612 epo
325 2563 380 2597 vero
402 2546 467 2597 lettre
515 2545 596 2598 Timeo
618 2564 647 2598 ne
665 2547 734 2614 forte
753 2543 892 2610 palptooert't

152 2630 190 2664 ate
209 2621 296 2680 poter,
324 2623 347 2664 et
368 2613 476 2665 incertior
496 2616 522 2664 iat
550 2625 675 2679 conspecto
703 2614 751 2661 aius
778 2618 891 2672 tanquam
996 2619 1003 2625 ‘

153 2684 341 2745 coemptum

141 2802 205 2857 tot.
235 2798 399 2858 Coniectura
419 2802 545 2858 lectionis
564 2795 737 2856 rationabilis
757 2792 841 2847 simul
861 2809 892 2845 ac
