2050 3100
164 187 198 242 at
291 190 390 236 euru.
410 188 485 234 run.
506 186 665 244 Quinem
685 186 734 232 nr
754 187 833 232 sos.
857 175 978 250 [usion]

164 290 301 362 inglorius
313 305 399 360 quam
412 287 564 360 gloriosus,
586 295 613 342 et
626 285 753 342 infirmus
767 303 851 359 quam
865 306 974 346 sanus.

163 383 229 422 nam
248 364 384 436 quioquid
403 380 467 418 oum
478 364 616 434 sapientia
632 370 686 426 est,
707 363 862 434 genuinum
880 373 930 419 est
945 382 978 418 ac

164 440 277 512 proprio
294 438 437 494 dominatu
451 437 622 510 praeditum,
639 437 780 508 ¹quiequid
795 445 889 492 autem
907 456 976 494 oiim

163 515 326 585 insipientia
345 522 400 578 est,
430 512 533 569 servile
554 521 583 566 ot
605 513 763 567 inconstans
786 515 974 583 comperitur.

163 589 282 644 Pulchre
300 596 392 645 tamen
407 587 582 650 dictumest,
604 585 679 657 quod
692 603 747 641 non
762 587 823 658 ipsa
837 586 977 659 despexit
995 574 998 630 l

164 664 306 719 dominam
318 681 412 728 suam,
433 662 483 718 sed
497 666 740 730 dominaoerpocto
758 661 857 732 fuit*):
895 664 976 719 illud
998 648 999 694 l

165 739 241 796 enim
261 739 463 794 accusationem
477 753 543 808 prae
557 754 588 791 se
602 734 707 790 ferebat
721 753 867 807 personae,
891 739 976 794 istud

164 823 256 868 autem
266 813 478 872 declarationem
488 819 652 879 eventuum
679 811 750 866 nulli
758 811 865 882 quippe
875 813 975 885 impo-
1000 829 1002 882 g

163 905 228 944 nere
244 888 304 945 vult
317 886 474 959 (scriptura)
488 903 538 956 per
553 886 783 957 vituperationem
801 887 830 940 in
850 886 974 943 alterius
1001 887 1003 956 ζ

164 962 260 1027 laude,
280 962 329 1018 scd
341 970 447 1018 tantum
456 977 555 1032 puram
565 978 658 1016 rerum
668 961 811 1018 veritatem
821 961 975 1020 evidenter

162 1038 280 1094 tradere.
311 1039 383 1093 llaec
393 1037 483 1091 littera
493 1044 581 1090 sonat.
612 1035 655 1092 ld
664 1045 785 1092 mentem
794 1053 873 1092 vcro:
896 1036 973 1104 Qui-

163 1130 283 1184 cumque
294 1113 410 1168 honores
420 1118 482 1167 ante
492 1110 637 1184 ingenium
645 1112 797 1182 sapientiae
803 1111 973 1182 amplexan-

162 1197 250 1247 turae
260 1189 418 1253 aestimant,
438 1194 466 1242 et
474 1203 574 1242 sensus
584 1187 709 1242 consiliis
720 1186 870 1242 nobiliores
881 1204 972 1258 repu-

162 1273 234 1330 tant,
256 1264 410 1322 abscedunt
428 1262 463 1317 ab
486 1278 579 1317 rerum
599 1259 798 1326 familiaritate,
824 1269 968 1332 putantes,

162 1338 238 1408 quod
252 1340 339 1394 multa
352 1339 494 1409 peperisse
503 1345 531 1392 et
540 1352 668 1409 magnam
678 1337 883 1408 generationem
893 1339 971 1392 visi-

162 1413 264 1466 bilium
284 1413 448 1481 produxisse
467 1429 567 1484 magna
587 1419 614 1466 et
632 1410 752 1483 perlecta
772 1411 844 1466 bona
860 1413 919 1466 sint
935 1431 970 1468 ac

70 1515 73 1518 ·
162 1487 245 1540 unice
254 1486 443 1550 nobilissima,
458 1486 589 1542 sterilitas
600 1494 690 1542 autem
701 1486 753 1540 hac
763 1487 793 1541 in
803 1494 880 1558 parte
891 1487 968 1543 mala

162 1561 199 1615 sit
213 1569 240 1615 et
253 1560 449 1631 improbanda;
477 1564 543 1631 quia
558 1579 612 1617 non
626 1562 723 1618 vident
735 1561 881 1619 invisibila
890 1563 969 1619 illud

162 1652 256 1690 semen
267 1634 516 1706 intelligibilesque
527 1638 726 1708 generationes,
738 1654 807 1708 quas
818 1636 899 1692 solita
910 1638 968 1694 luit

163 1727 241 1766 mens
250 1710 379 1782 persein
389 1727 419 1765 se
429 1726 570 1783 generare.
640 1750 646 1771 t

165 1878 213 1927 Cur
225 1875 316 1925 Suram
330 1878 401 1941 quasi
408 1878 525 1942 poenitet,
541 1878 654 1928 dicentem
666 1878 701 1928 ad
711 1878 850 1929 Abraham:
872 1878 965 1942 „Iniu-

229 1945 290 1994 riam
304 1944 396 2008 accipio
409 1962 439 1995 aa
453 1955 488 2007 te,·
512 1962 555 2011 epo
569 1946 625 1997 dedi
638 1946 749 1997 auduom
761 1964 836 1999 meam
849 1948 874 1997 in
887 1947 965 1997 εἰπιιηι

230 2021 306 2072 tuum5
333 2028 394 2061 nunc
412 2023 487 2061 autem
510 2014 567 2076 quic
584 2012 643 2063 vidit
660 2030 686 2063 ae
705 2014 850 2079 concepisse,
880 2025 965 2079 spreta

228 2096 278 2128 sum
296 2096 376 2128 coram
394 2082 463 2129 ea“?
480 2082 534 2145 (16,
556 2081 593 2141 5.)
667 2095 669 2098 ·

215 2200 259 2253 23.
298 2197 471 2254 anxietatem
503 2216 535 2253 ao
564 2198 774 2255 haesitationem
803 2198 880 2255 affert
910 2201 964 2257 hoe

161 2271 281 2337 dictum,
302 2273 429 2329 indicans
439 2274 561 2345 primum
572 2273 644 2328 illud
654 2292 689 2329 cm
702 2273 814 2345 quo**),
835 2275 866 2329 id
875 2284 918 2330 est
927 2293 963 2330 ex

161 2364 216 2417 quo
236 2355 358 2418 tempore
376 2348 442 2403 dedi
462 2348 592 2403 ancillam
611 2366 713 2417 meam;
739 2356 766 2404 et
780 2349 903 2404 seeundo
917 2366 964 2403 re-

161 2429 287 2492 spectum
297 2421 331 2477 ad
343 2440 501 2493 personam,
515 2424 553 2480 ait
562 2425 651 2478 enim:
676 2442 694 2479 a
705 2434 728 2479 te
738 2428 838 2479 iniuria
848 2428 961 2492 officior,

164 2493 200 2569 [Ἴ
213 2496 288 2567 quod
297 2513 363 2551 sane
374 2499 544 2569 vituperium
554 2506 605 2552 est.
638 2496 773 2563 Quoniam
782 2498 843 2552 sine
853 2497 962 2553 macula

211 2669 233 2715 ⁵)
250 2670 276 2709 In
284 2673 414 2711 eontrarium
423 2672 491 2711 fertur
498 2670 548 2709 leet.
557 2670 621 2718 Vulg.
631 2672 725 2719 uespestt
733 2672 839 2712 domm
848 2682 915 2712 eumn.
934 2673 962 2711 A.-

212 2733 247 2785 Ι““)
264 2737 320 2779 Puta
332 2740 422 2779 relative
438 2738 465 2777 sd
482 2745 572 2785 saonem
589 2747 653 2785 nanc,
675 2746 695 2786 q.
707 2737 729 2776 a.
743 2738 851 2787 deinceps.
879 2739 962 2779 Auen.
