2050 3100
22 271 74 334 [11,
87 264 149 329 lib]
227 271 266 315 IN
285 272 454 317 EXODUM.
475 273 603 317 SERMO
621 274 643 319 1.
791 272 836 323 30l

21 370 80 427 lud
94 386 211 442 quoque
229 368 352 425 futurum
372 372 413 426 eis
432 372 550 436 malum,
576 372 652 445 quod
670 383 733 446 post
752 384 840 432 certos

21 447 158 518 quinque
170 444 245 509 dies,
268 445 431 501 debuissent
444 448 567 519 perpeti,
588 465 676 519 quum
689 449 781 512 hostes
794 454 839 506 sui

19 520 234 594 praeparabant
253 537 315 575 sese
338 520 373 575 ad
396 523 528 577 victoriae
549 522 654 578 hostias
675 523 837 580 offerendas.

20 598 136 651 Littera
150 594 220 650 haec
235 594 329 649 habet.
368 594 411 649 ld
424 604 544 651 mentem
554 598 659 653 veroid
669 606 727 654 erat
737 617 840 658 conve·

20 672 120 735 niens,
134 676 166 724 ut
178 685 309 724 numerus
320 678 347 725 et
357 679 453 725 natura
463 671 548 726 simul
558 675 683 727 omnium
692 674 840 748 colligere·

20 757 84 800 tur.
128 743 246 811 Quando
260 761 325 817 ergo
335 746 443 799 animae
454 755 603 817 appareant
613 747 736 814 lucidae,
758 752 838 805 visus

22 836 128 875 earum
143 819 284 890 incipiunt
298 820 399 875 festum
414 820 569 885 celebrare,
589 822 675 877 vitam
688 826 800 880 tristitia
811 834 838 879 et

20 898 130 951 timore
140 901 279 948 carentem
289 903 431 965 sperantes
441 896 533 950 sortiri
544 904 618 951 certo
627 896 838 971 indecimople—

20 986 96 1025 num
120 976 149 1023 et
171 966 325 1038 perfectum
347 977 490 1024 cernentes
512 980 703 1026 ornamentum
722 974 837 1029 rationis

20 1043 294 1116 perpensionisque:
316 1043 346 1098 id
363 1052 405 1099 est
419 1042 532 1103 affectus
547 1062 640 1109 earum
655 1047 770 1116 quinam
784 1057 834 1113 est,

21 1120 82 1173 nisi
94 1116 236 1173 festivus?
249 1181 254 1187 ἱ

45 1276 85 1341 [Ἷ
111 1272 180 1332 Quid
195 1284 242 1337 est,
268 1276 333 1339 qaod
348 1276 473 1327 secandam
492 1278 573 1327 domos
584 1276 734 1341 familiarum
751 1279 815 1329 iulet

290 1344 350 1392 sami
366 1350 447 1393 mem?
473 1344 578 1409 (12,3.)
641 1361 645 1367 ·

82 1449 113 1500 3.
135 1444 273 1508 Primum,
290 1447 357 1516 quia
367 1443 490 1501 familiae
499 1454 565 1501 sunt
573 1460 689 1518 magnae
698 1443 835 1515 quaedam

21 1520 208 1596 cognationes
221 1520 352 1592 plurimis
366 1528 523 1578 constantes
537 1520 712 1590 bominibus;
735 1529 763 1576 at
775 1521 836 1576 exi-

21 1613 114 1670 guae,
133 1611 206 1666 quae
220 1595 375 1651 secundum
385 1595 499 1652 domum
508 1613 543 1651 ex
552 1595 650 1652 eodem
659 1597 796 1670 sanguine
805 1597 834 1650 in

20 1670 462 1744 paucumnumerumbominum
472 1678 590 1726 coactae.
619 1673 687 1726 lstas
698 1674 835 1744 ergoexi-¹

22 1763 96 1819 guas
106 1745 138 1800 in
152 1744 370 1800 familiaritatem
383 1761 545 1818 magnarum
558 1746 694 1801 reducens
708 1745 835 1802 eiusdem

21 1836 140 1876 mensae
154 1821 306 1892 participes
321 1819 452 1893 dignatur
466 1837 541 1884 esse,
562 1823 592 1875 in
604 1838 692 1876 unum
702 1824 835 1877 conveni-

22 1905 105 1951 entes
120 1894 223 1952 babere
239 1896 461 1950 communionem
474 1895 555 1959 salis,
575 1896 723 1951 oblationis
736 1905 764 1950 et
776 1914 835 1950 ma·

22 1971 172 2033 emtionis,
194 1969 270 2041 quod
284 1987 404 2025 amorem
419 1970 548 2025 conciliat
563 1979 590 2026 et
599 1970 706 2026 firmius
716 1977 833 2042 coaptat.

21 2046 98 2113 Quia
111 2045 190 2116 pacis
210 2054 237 2100 et
255 2045 417 2100 concordiae
434 2043 558 2100 effectrix
575 2055 616 2100 est
630 2046 689 2101 lex:
714 2047 835 2110 maxime

22 2137 92 2176 vcro
108 2119 176 2191 quia
191 2120 287 2174 itineri
302 2119 492 2192 separabant,
520 2119 571 2174 ubi
588 2120 671 2175 utiles
686 2129 751 2174 sunt
765 2120 833 2174 socii
873 2160 883 2168 .

23 2194 216 2258 tabernaculi,
238 2211 359 2266 aequum
373 2193 454 2249 duxit
463 2195 545 2248 initio
558 2210 594 2248 ex
607 2193 743 2250 sacrificio
752 2194 834 2249 ducto

23 2271 53 2325 id
64 2285 160 2342 agere.
202 2267 331 2324 Secundo
342 2269 496 2324 secundum
507 2269 602 2329 domos
612 2268 738 2340 singulas
748 2269 835 2336 sacri-

24 2346 123 2400 ficium
134 2343 196 2398 lieri
206 2343 285 2398 iubet
294 2344 427 2400 comitum
436 2343 691 2414 coadiutorumque‚
703 2344 834 2415 quoniam

25 2429 52 2474 et
60 2421 93 2474 in
102 2419 181 2472 omni
191 2418 273 2474 domo
284 2419 504 2475 adversariorum
516 2417 607 2479 lutura
618 2426 675 2481 erat
688 2433 761 2472 mors
774 2417 834 2489 pri-

26 2492 246 2566 mogenitorum:
262 2502 293 2548 ut
306 2510 405 2566 nempe
416 2510 503 2549 unum
516 2509 600 2564 super
609 2491 726 2546 alterum
736 2491 835 2545 videns

26 2568 170 2642 quispiam
180 2567 349 2624 beneficium
359 2578 385 2624 et
395 2569 439 2624 ius
451 2566 600 2640 (divinum)
611 2575 668 2622 tam
678 2565 780 2637 gratias
791 2577 836 2616 re-

27 2641 110 2706 ferat,
132 2659 218 2713 quam
232 2643 338 2698 timeat.
378 2641 525 2715 Siquidem
539 2643 697 2712 inopinatae
712 2654 756 2692 res
769 2652 836 2691 con·
904 2647 909 2658 ’

27 2719 150 2789 tigerunt
166 2719 270 2790 exiguo
289 2725 425 2790 tempore,
451 2715 527 2788 apud
546 2713 681 2786 quosdam
700 2709 836 2765 sacrificia

30 2790 183 2856 immolari,
206 2790 281 2863 apud
297 2792 404 2863 aliquos
419 2800 511 2847 autem
521 2787 719 2861 primogenitos
729 2785 833 2854 occidi,
