2050 3100
375 309 435 361 43
827 313 1196 357 ΡΗῙΒῢΝΞΕ
1244 313 1520 357 IUDAEI
1808 309 1980 373 [L-isu]

374 410 523 469 lere‘?
569 412 686 466 Lex
703 411 856 466 enim
871 412 1075 466 mentis
1094 412 1329 482 imperat
1347 411 1429 464 eis
1445 451 1457 474 ‚
1481 427 1589 464 non
1608 410 1982 481 genethlialo-

370 490 484 563 gia.
560 487 769 542 Eodem
797 485 959 541 modo
988 495 1208 540 cessant
1231 486 1302 541 ab
1319 484 1582 557 operibus
1602 484 1703 539 die
1721 489 1976 557 septima,

370 580 539 637 quam
559 562 862 617 Sabbatum
880 562 992 632 ipsi
1012 562 1310 633 appellant.
1371 562 1484 614 Nec
1502 577 1611 615 non
1631 559 1705 614 ab
1725 561 1849 616 illis
1869 581 1980 617 car-

372 641 541 694 nibus
556 679 568 702 ‚
591 655 731 709 quas
755 636 845 690 lex
864 653 972 690 non
993 638 1264 708 permisit,
1291 636 1587 690 abstinent.
1651 637 1872 707 Nequit
1892 656 1980 692 au-

372 724 484 769 tem
505 714 636 777 dici,
662 711 811 784 quod
833 728 1009 766 unum
1032 729 1094 766 ac
1113 711 1264 766 idem
1285 711 1543 766 omnibus
1565 712 1871 784 contigerit
1892 731 1980 767 na-

371 791 611 844 talitium
627 830 640 852 ,
688 804 799 858 quo
829 787 1125 859 adigantur
1152 792 1251 858 per
1278 788 1397 842 vim
1436 785 1497 840 id
1534 803 1763 841 servare
1780 829 1796 852 ,
1839 788 1978 860 quod

371 866 511 921 Mosi
532 864 671 918 deus
692 864 750 916 in
770 862 1045 917 mandatis
1067 860 1241 917 dedit.
1321 862 1384 916 Si
1412 877 1541 934 ergo
1572 861 1826 918 diversis
1847 872 1978 918 tem·

369 939 627 1011 poribus,
673 937 823 992 horis
863 955 926 991 ac
963 936 1164 992 diebus
1201 937 1391 993 ludaei
1430 953 1563 1009 prae
1597 954 1661 991 se
1693 937 1888 994 ferunt
1917 957 1976 992 ex

372 1024 527 1069 utero
558 1012 870 1069 natalitium
890 1021 945 1067 et
966 1012 1333 1068 nihilominus
1352 1029 1459 1066 una
1483 1021 1566 1067 est
1584 1012 1708 1067 illis
1728 1014 1878 1068 ratio
1900 1017 1974 1068 vi-

373 1098 460 1144 tae
489 1106 551 1143 ac
576 1087 710 1143 ordo
740 1087 994 1160 legisque
1023 1087 1348 1160 disciplina,
1387 1086 1664 1159 quomodo
1685 1090 1972 1144 universos

370 1164 626 1220 homines
645 1164 897 1219 dicamus
918 1163 1381 1235 genethlialogiae
1400 1179 1522 1217 esse
1548 1162 1881 1218 subiectos?

484 1275 569 1328 85.
620 1272 801 1339 Quum
830 1270 1160 1345 Scytharum
1194 1280 1386 1344 gentes
1423 1280 1638 1342 praeter
1678 1289 1871 1329 mores
1896 1276 1974 1328 Iu-

372 1349 630 1404 daeorum
653 1349 874 1419 propria
893 1345 1003 1401 sibi
1029 1348 1150 1420 lege
1170 1345 1577 1418 disciplinaque
1605 1354 1845 1403 utantur
1872 1359 1975 1402 tur-

369 1441 608 1497 pemque
629 1423 1074 1478 commixtionem
1096 1439 1222 1476 cum
1243 1429 1413 1476 matre
1435 1421 1832 1492 adoptaverint
1846 1467 1859 1489 ,
1899 1423 1976 1478 id-

370 1517 480 1571 que
503 1500 634 1554 filiis
656 1499 772 1553 suis
795 1514 856 1553 ac
885 1498 1120 1569 posteris
1142 1497 1378 1571 Scythae
1409 1497 1768 1563 tradiderint,
1819 1500 1899 1556 ita
1926 1507 1976 1553 ut

370 1590 633 1646 processu
660 1574 922 1645 temporis
953 1572 1290 1627 consuetudo
1321 1573 1416 1629 illa
1447 1573 1561 1627 vim
1584 1573 1731 1645 legis
1752 1574 1978 1631 obtinu-

371 1647 502 1712 erit,
536 1648 635 1701 ubi
658 1657 740 1705 est
761 1650 871 1708 iam
891 1647 1136 1702 circulus
1157 1646 1396 1712 zodiaci,
1432 1648 1531 1702 ubi
1548 1656 1839 1704 astrorum
1861 1667 1979 1705 cur-

372 1721 503 1777 sus‘?
558 1721 740 1788 Quum
768 1724 915 1777 enim
937 1740 1046 1777 non
1067 1722 1251 1778 simile
1274 1724 1521 1778 omnium
1543 1724 1616 1778 sit
1636 1725 1978 1786 natalitium,

371 1814 537 1853 unam
557 1805 737 1876 tamen
758 1798 904 1853 vitae
924 1799 1194 1853 rationem
1211 1815 1399 1853 omnes
1419 1799 1532 1853 sibi
1551 1797 1874 1856 adscivere.

482 1908 567 1960 86.
617 1904 766 1971 Quae
797 1914 981 1962 autem
1008 1897 1438 1979 genethlialogia
1475 1906 1631 1962 dedit
1672 1906 1750 1982 [Ἴ
1797 1910 1984 1984 Aegy-

373 1982 507 2055 ptiis
518 1980 840 2040 huiusmodi
852 1980 1226 2054 disciplinam,
1251 1990 1312 2035 ut
1322 1980 1563 2037 sordidis
1585 1983 1846 2040 cultibus
1868 2003 1983 2041 sese

372 2054 724 2111 dedicarent?
779 2055 1136 2131 Aegyptusne
1157 2058 1273 2117 sola
1291 2056 1460 2112 habet
1485 2057 1622 2112 tales
1651 2059 1858 2115 stellas
1876 2104 1889 2124 ,
1931 2069 1983 2114 ut

372 2131 518 2205 apud
549 2130 692 2187 solos
721 2130 1023 2205 Aegyptios
1053 2133 1128 2187 sit
1154 2133 1280 2188 talis
1312 2130 1687 2188 consuetudo?
1745 2133 1921 2200 Quod
1939 2137 1984 2188 si

373 2208 541 2264 variis
570 2206 767 2262 diebus
798 2207 1062 2279 hor-isque
1091 2208 1322 2280 contigit
1340 2207 1537 2263 horum
1556 2210 1816 2264 omnium
1841 2211 1985 2266 nati-

371 2284 541 2347 vitaS‚
568 2299 736 2353 quare
758 2300 865 2337 non
886 2284 1052 2337 etiam
1073 2284 1244 2337 variis
1263 2282 1509 2338 moribus
1528 2283 1792 2338 utantur?
1837 2285 1983 2353 Quo-

371 2375 495 2413 rum
514 2359 663 2413 enim
684 2356 802 2411 dies
825 2366 987 2427 atque
1009 2358 1139 2412 hora
1160 2358 1412 2412 diversae
1432 2366 1586 2421 sunt,
1617 2358 1735 2413 sint
1753 2376 1984 2432 quoque

369 2434 485 2487 vita
508 2441 671 2503 atque
699 2449 861 2503 opera
893 2432 1152 2506 (diversa)
1183 2432 1378 2488 itidem
1407 2449 1634 2487 necesse
1664 2442 1772 2488 est.
1865 2437 1985 2492 Sio-

368 2516 431 2560 ut
470 2509 635 2561 etiam
664 2508 762 2578 qui
791 2524 900 2561 uno
930 2507 1234 2579 eodemque
1262 2516 1507 2579 tempore
1533 2509 1649 2562 nati
1676 2519 1848 2577 sunt,
1898 2529 1987 2566 ae-

368 2595 537 2648 quam
558 2580 741 2634 sortiri
762 2579 1035 2636 debebant
1055 2584 1406 2652 sapientiam.

477 2687 563 2737 87.
616 2686 675 2739 Si
713 2687 909 2741 civitas
947 2690 1205 2743 universa
1247 2689 1520 2745 debellata
1562 2690 1670 2745 fuit
1699 2709 1767 2746 ac
1794 2705 1986 2766 capta.

364 2756 575 2821 proelio
620 2762 1042 2828 superveniente
1091 2761 1337 2817 debeone
1385 2765 1572 2820 dicere
1624 2768 1989 2824 nativitatem

366 2840 587 2894 quoque
618 2832 847 2886 eandem
877 2850 997 2887 esse
1029 2836 1240 2888 civium
1271 2838 1631 2895 cunctorum?
1695 2840 1757 2894 Si
1798 2835 1989 2913 pestis
