2050 3100
103 275 145 340 [11,
155 272 216 338 ein]
282 279 322 324 IN
342 279 517 325 GENESIN.
536 280 664 325 SERMO
687 280 730 329 IV.
856 277 905 329 259

102 381 184 435 siunt
193 379 313 450 eorpori,
327 378 431 433 sunites
441 396 506 434 vero
516 387 543 434 et
552 380 641 435 virtue
652 379 797 453 bonusque
807 398 905 437 sensus

102 453 429 517 animae,euimeuutem
438 455 535 507 menti.
567 454 702 519 Quoniam
711 473 811 511 sensus
821 456 905 511 huius

101 537 167 583 sunt
176 529 264 591 servi,
276 545 355 583 mens
365 536 457 583 sutem
466 527 527 582 dei:
549 528 623 583 unde
632 539 715 600 putet,
727 530 803 602 quod
812 534 906 586 omnia

101 604 154 659 deo
163 602 307 665 serviunt,
326 602 406 657 initio
415 602 499 657 ducto
508 602 543 659 ab
552 604 656 675 optimo
666 606 696 659 in
706 605 786 663 nobis
797 606 902 669 ordine,

100 695 188 750 quem
198 694 278 731 mens
287 676 383 731 sortito
391 685 444 732 est.

181 832 231 883 Gur
248 832 318 884 dicit.-
342 832 482 899 „Serviunt
500 834 544 882 rios·
558 836 680 898 qeotee‘¹?
702 836 756 899 (27,
775 838 829 897 29.)

158 954 220 1009 2¹6.
240 951 302 1009 Non
311 958 353 1007 est
363 951 421 1008 Lex
430 950 635 1021 inaequalitatis
644 954 811 1017 euerrstrix,
826 956 864 1015 ito
877 964 905 1009 ut

99 1026 245 1083 universis
254 1024 385 1097 genubus
394 1025 557 1083 servitutem
567 1028 759 1095 praenunciet,
771 1044 858 1098 quum
869 1030 906 1085 li-

100 1101 209 1157 bertate
224 1114 335 1170 quoque
347 1098 488 1170 praeditos
502 1102 677 1160 consueverit
686 1101 858 1172 distinguere
869 1103 902 1174 (s.

100 1177 215 1237 eiicere,
226 1173 442 1247 seolibertste).
462 1173 520 1232 Sed
529 1175 606 1233 novin
616 1192 670 1233 uon
679 1175 810 1233 omuibus
819 1176 904 1247 prod·

100 1267 164 1309 esee
174 1249 280 1307 solutos
294 1248 452 1319 liberosque
465 1265 540 1317 esse;
568 1266 600 1303 eo
609 1249 685 1307 enim
694 1248 775 1307 muni
784 1248 905 1307 abutun-

99 1336 160 1388 tur,
181 1323 219 1380 sd
233 1323 413 1382 rebellionem
427 1323 500 1381 ultro
513 1322 697 1386 declinantes,
718 1322 904 1382 conculcando

100 1409 128 1455 et
138 1397 348 1471 pessumdaudo
357 1398 461 1454 iustum
471 1407 499 1457 et
508 1398 587 1456 utile.
627 1396 811 1463 Quamobrem
820 1400 905 1469 prod-

100 1492 164 1531 esse
180 1473 277 1533 volens
291 1473 479 1537 multitudini.
498 1472 642 1531 dominum
652 1488 736 1543 super
746 1488 792 1533 eos
802 1474 905 1529 eonsti-

100 1551 156 1608 tuit
166 1557 308 1619 tamquam
320 1547 441 1603 habenas
450 1556 597 1614 tenentem,
610 1548 781 1604 intellectum
792 1557 822 1608 ut
833 1548 904 1607 free-

99 1789 252 1848 titudinem
263 1799 290 1845 et
299 1790 511 1849 sensibilitatem
522 1791 550 1844 in
562 1792 652 1850 animo
667 1807 737 1846 esse.
777 1791 903 1846 Animum

100 1883 168 1943 ergo
178 1881 258 1921 mens
267 1867 401 1941 protegit,
413 1873 440 1922 et
450 1883 548 1919 sensus
559 1875 649 1920 mente
660 1867 786 1940 stipatur.
827 1866 904 1922 Unde

99 1950 208 1996 certum
218 1949 260 1994 est
270 1939 322 1995 deo
331 1941 422 1997 omnia
432 1941 550 2001 servire,
572 1957 634 1994 eum
650 1941 904 2013 praeeipuoordine

100 2015 282 2079 inchoemus,
303 2031 387 2088 quem
397 2016 459 2087 ipsa
468 2031 548 2068 mens
559 2015 652 2074 sortite
663 2024 714 2070 est.

232 2151 322 2226 'Quare
340 2169 413 2220 dizit.-
437 2169 573 2231 „Servient
591 2171 634 2220 o'oi
648 2175 770 2234 yentee“.⁹

155 2276 217 2327 2⁴6.
236 2273 300 2326 Non
315 2280 380 2326 eunt
394 2272 491 2343 inique
506 2271 577 2344 legis
592 2273 731 2336 institute,
753 2281 784 2326 ut
793 2273 904 2328 omnino

98 2346 234 2420 gentibus
247 2347 411 2403 servitutem
423 2347 616 2418 pronumtieut,
625 2361 631 2370 ·
639 2363 702 2402 eum
716 2347 797 2402 etism
812 2347 903 2418 (moro.

99 2422 291 2494 eo).minim0s
302 2422 335 2475 in
349 2421 504 2480 libertatem
518 2438 615 2478 uocare
629 2423 782 2484 consuevit.
823 2421 905 2475 Novit

98 2507 193 2554 umen
213 2512 270 2550 non
286 2497 418 2555 omuibus
436 2497 536 2551 utilem
554 2513 615 2553 esse
637 2497 831 2558 seueritatem
845 2510 905 2548 neo

98 2578 250 2628 sererentur
259 2570 354 2642 (moero.
366 2569 525 2643 niterentur)
536 2571 597 2626 iura
605 2587 654 2641 per
665 2568 790 2638 requiem
798 2568 905 2622 divari-

97 2647 230 2704 centibus
243 2645 375 2718 gentibus
387 2646 520 2700 edversus
532 2662 646 2714 eaquae
656 2641 778 2712 expedit.
819 2641 904 2698 Cuius

98 2723 139 2776 rei
155 2720 245 2793 gratis
258 2720 393 2792 prodesse
405 2721 484 2777 vitiis
497 2719 627 2780 studens,
650 2716 792 2771 dominum
806 2715 847 2768 eis
860 2714 906 2766 iu-

99 2797 207 2859 stituit‚
229 2802 324 2868 utpote
334 2802 505 2868 agnatum,
528 2801 558 2848 ut
568 2789 790 2910 meutiaigrgenio
803 2803 905 2861 procax
