2050 3100
165 281 213 334 lie
388 284 572 331 ruinosus
595 282 731 333 iuvent
863 280 898 347 [1,
911 280 968 344 un]

163 403 237 441 mam
255 387 333 442 visus
350 394 393 439 est
410 386 565 456 exspirare,
587 383 707 457 ligamen
722 384 893 457 spiraminis
908 402 965 440 curn

164 478 277 534 corpore
287 462 457 516 constantius
465 476 622 515 connexum
630 459 766 515 violenter
777 458 949 515 dissolvens.

221 572 264 624 68.
290 566 360 623 Sunt
374 569 455 623 etiam
471 566 525 621 alia
538 576 611 621 tanto
621 565 829 637 timoreplena,
851 575 885 622 ut
895 566 964 621 infir·

163 644 298 699 mioribus
313 642 411 697 cedant
424 650 451 696 et
465 641 499 696 ed
518 642 630 696 umbras
650 641 794 696 fortiorum
815 642 961 714 trepident.

163 720 243 771 Nunc
261 719 291 770 in
309 716 463 787 speluncis,
484 732 554 787 quae
570 716 623 770 sub
637 716 779 770 montibus
794 724 879 781 sunt,
902 726 928 771 et
939 717 962 769 ir

163 791 285 845 vallibus
300 791 502 861 condensisque
517 790 611 855 silvis,
635 806 698 844 cum
711 797 835 845 tremore
850 790 960 853 latitent,

163 866 280 919 nuncin
297 864 359 919 eltis
374 864 567 937 frondosisque
582 864 712 929 saltibus,
732 865 784 919 ubi
799 866 902 921 oculos
916 866 962 919 huc

162 938 232 993 illuc
249 948 359 994 versant
379 938 592 1005 haesitabundu,
613 940 706 1011 ipsum
725 939 854 994 volatum
875 942 962 995 evium
996 988 997 1005 ς

162 1014 322 1069 metuentia.
361 1012 454 1068 Testes
464 1022 529 1068 sunt
538 1015 582 1068 his
592 1014 672 1068 dictis
683 1015 772 1077 cervi,
794 1014 907 1085 quibus
916 1015 962 1069 lor-
996 1014 997 1019 ’

162 1089 309 1143 titudinem
319 1104 405 1159 quum
414 1088 522 1161 negarit
535 1098 644 1151 natura,
666 1097 697 1142 ut
710 1088 841 1152 videtur,
864 1092 962 1144 instru-

88 1183 97 1197 ·
162 1172 254 1219 menta
264 1162 367 1236 quibus
377 1180 407 1217 se
415 1171 557 1217 tuerentur
568 1164 715 1226 concessit,
731 1170 758 1217 et
768 1162 842 1217 haec
852 1165 915 1235 ipse
926 1181 963 1217 re-

163 1254 252 1293 mosa:
284 1237 358 1292 haud
372 1238 444 1291 sicut
458 1238 488 1291 in
503 1238 616 1292 caeteris
632 1238 729 1291 bestiis
743 1238 773 1291 in
791 1239 890 1309 capite
909 1240 963 1293 sitis

163 1314 283 1384 geminis
299 1312 442 1375 cornibus,
468 1311 518 1367 sed
534 1312 731 1367 abundantiora
750 1314 885 1383 germina
905 1314 964 1367 hinc

162 1386 242 1441 illinc
260 1386 398 1459 pullulare
413 1386 516 1441 iaciens
532 1385 609 1441 velut
622 1402 710 1441 ramos
724 1386 754 1439 in
773 1389 904 1452 truncis,
926 1396 965 1441 ut·

162 1471 225 1532 pote
241 1463 330 1517 animo
346 1461 408 1516 lorti
423 1461 559 1525 carentes,
583 1461 679 1515 saltem
692 1476 741 1534 per
755 1474 913 1517 excessum
927 1480 964 1517 ar·

162 1546 284 1592 maturae
301 1537 491 1610 aequalitatem
506 1537 677 1592 sortirentur.
721 1534 778 1590 Sed
794 1538 870 1608 quid
886 1536 965 1594 refert

163 1612 273 1682 ignavis
294 1629 329 1666 ex
349 1621 483 1665 armatura
504 1611 694 1666 fortitudinem
715 1612 886 1682 acquirere?
920 1627 965 1667 nec

163 1687 237 1738 enim
253 1687 383 1740 mulieres
398 1685 534 1740 deformes
546 1681 583 1762 [i‘]
595 1695 705 1741 ornatus
721 1686 800 1739 iuvet
815 1688 856 1741 ad
866 1686 964 1744 formo-

162 1759 285 1823 sitatem,
303 1761 358 1814 imo
369 1761 478 1815 claritas
487 1769 598 1816 ornatus
609 1761 736 1816 ruborem
746 1759 873 1817 inducit.

217 1870 260 1920 69.
280 1869 311 1922 In
322 1872 471 1924 certamine
479 1869 636 1924 timiditatis
647 1884 790 1938 nunquam
799 1867 876 1924 leret
888 1870 964 1943 lepus

162 1941 296 1995 secundas
310 1958 392 1996 cervo
405 1945 565 2007 concedere.
603 1945 728 2014 Namque
741 1944 839 1998 tremit
856 1961 963 2018 semper

162 2015 230 2070 haec
247 2016 336 2070 bestia
353 2026 381 2072 et
397 2020 476 2074 timet
489 2019 620 2089 cuiquam
634 2018 732 2081 fidere,
752 2033 809 2075 non
823 2017 893 2076 dico
908 2019 963 2075 bel-

162 2091 287 2155 luarum,
299 2091 348 2146 sed
359 2093 441 2148 etiam
451 2095 572 2165 partium
581 2101 702 2148 naturae.
736 2091 880 2157 Quoniam
889 2097 962 2150 timet

163 2175 189 2219 et
203 2168 385 2239 scaturigines
403 2167 519 2222 fontium
532 2167 691 2232 salientium
704 2174 730 2220 et
744 2168 899 2238 strepitum
910 2186 961 2224 mn·

161 2242 214 2304 ris,
231 2243 306 2296 venti
322 2243 458 2313 aerisque,
476 2242 635 2312 omniaque,
652 2257 723 2312 quae
733 2248 799 2296 sunt
809 2257 901 2312 super
912 2253 962 2297 ter-

162 2330 233 2369 ram:
265 2318 303 2370 ita
316 2326 347 2370 ut
360 2318 432 2370 circa
447 2314 548 2379 fontes,
569 2315 680 2370 dumeta
694 2322 720 2370 et
730 2315 875 2370 siccorum
885 2317 962 2372 lolio-

162 2406 222 2442 rum
233 2393 387 2463 congeriem
401 2390 583 2444 contrahatur.
623 2389 724 2456 Quare,
746 2396 777 2442 ut
792 2389 869 2445 mihi
885 2392 962 2446 vide·

161 2471 219 2527 tur,
240 2475 381 2534 poetarum
394 2482 483 2538 genus
498 2479 552 2518 non
568 2465 627 2518 sine
638 2465 741 2520 ratione
752 2467 906 2519 latitantem
915 2483 960 2520 vo-

162 2545 204 2588 cat
225 2538 357 2607 leporem,
388 2557 420 2593 eo
439 2539 514 2609 quod
534 2537 615 2592 lateat
634 2537 852 2611 trepidetque*).
900 2540 959 2595 Ideo

160 2611 283 2662 omnium
298 2612 457 2665 auxiliatrix
470 2620 566 2666 natura
582 2612 733 2666 adiumenti
747 2610 806 2666 loco
818 2621 918 2669 contm
929 2615 959 2668 li·

160 2692 263 2733 morem
274 2686 409 2738 concessit
419 2685 484 2738 huic
494 2681 901 2756 bestiaevelocitctempedum,
914 2705 959 2761 pa·

158 2771 367 2792 “2——2

209 2813 230 2855 ⁸¹)
243 2813 317 2862 Αανῶς
329 2821 385 2858 enlm
399 2819 512 2869 topicen,
527 2821 632 2862 estrees
645 2825 717 2865 utere.
742 2823 825 2866 Anco.
