2050 3100
183 183 229 236 438
401 183 586 232 Pfflnonls
609 181 747 228 limem
875 176 909 242 [1,
920 178 976 243 tut]

179 305 269 360 usque
280 287 314 342 ad
325 286 528 358 conceptionem
538 283 624 338 oolam
633 282 776 354 patiuntur
784 282 975 345 succumbere,

181 362 352 424 deindevero
362 360 508 432 aufugiunt
518 374 616 422 mares,
628 357 762 429 completa
772 357 913 412 nimirem
921 358 976 430 lege

181 445 307 502 naturae.
332 453 402 508 quae
415 451 464 506 pro
478 433 652 506 generatione
665 440 693 486 et
705 432 885 503 corruptione
898 435 974 487 maris

182 531 246 568 cum
257 512 357 568 lemine
368 508 510 565 adinvenit
522 508 624 563 coitum
634 506 929 579 coniunctionemque.

237 641 279 692 le.
304 637 399 690 Nonne
413 633 506 704 itaque
522 649 642 705 aequum
654 641 709 697 eet,
730 640 761 688 nt
775 631 910 689 homines
918 651 974 690 era·

180 712 293 767 beeoant
311 707 442 764 effraenae
461 725 526 764 euae
546 708 674 763 lasciviae
692 704 727 763 ad
744 709 973 778 comparationem

179 787 295 842 istorum
306 781 506 840 continentiae?
531 785 601 840 Nem
610 799 664 854 qua
674 781 785 837 demum
796 784 865 838 anni
874 791 974 855 tempe·

180 869 249 918 etate
260 859 384 914 homines
394 857 508 930 quidem
518 858 644 914 venereis
654 857 800 921 abstinent,
813 873 895 913 more
906 857 974 912 ducti

180 934 423 998 incontinentium,
437 933 548 997 miseri,
563 949 617 988 non
626 933 747 988 contenti
754 932 975 1004 coniugibusse

181 1011 231 1075 lis.
252 1009 324 1066 forae
338 1009 432 1064 oculos
446 1015 587 1064 versantes
601 1008 817 1077 circumquaque
832 1015 863 1062 et
876 1008 911 1062 in
924 1025 975 1062 me

181 1085 293 1142 retrioes
303 1084 437 1148 furentes.
455 1082 635 1140 hereditatem
646 1081 783 1136 illustrem
792 1083 916 1138 minime
925 1101 976 1138 ser-

182 1169 291 1224 vantes,
312 1157 361 1214 sed
374 1158 555 1230 ignominiam
567 1165 879 1228 paupertatemquepro
894 1158 976 1230 gloria

181 1231 450 1306 mutuoprobentes‘l
478 1230 538 1298 Quo
546 1231 590 1296 lit,
605 1240 637 1286 ut
645 1231 772 1287 nonnulli
781 1247 819 1286 ex
826 1232 976 1288 iuvenibus

181 1307 350 1366 florescentie
370 1307 477 1372 aetatis,
504 1314 659 1378 contempta
675 1314 775 1370 morte,
795 1307 976 1378 cupiditatem
1007 1370 1008 1375 ἵ

182 1385 256 1441 ritae
265 1389 441 1454 anteponent,
457 1389 625 1448 caeterorum
633 1381 723 1453 legem
732 1380 916 1453 coniugalem
925 1383 978 1437 dis·

182 1460 303 1516 solvant:
334 1475 385 1514 neo
398 1456 569 1528 providentis
582 1455 759 1510 moderatoris
772 1454 926 1513 hominum
936 1474 978 1511 re-

182 1533 229 1589 riti
242 1532 378 1590 iudicium
393 1548 482 1604 neque
497 1532 587 1604 legem
596 1531 625 1585 in
636 1529 772 1587 adulteros
782 1527 869 1587 latam
879 1532 979 1589 timen-

181 1615 236 1671 res.
257 1624 347 1678 neque
362 1614 492 1679 paventes
507 1607 655 1661 immanem
668 1605 979 1678 inexorabilemqueiu-

182 1698 270 1737 rorem
295 1682 452 1737 maritorum
476 1690 590 1737 mortem
610 1682 788 1744 minantium,
818 1683 932 1752 quibus
950 1681 979 1737 ad

182 1754 284 1810 maiora
302 1756 410 1821 seelera,
424 1758 518 1828 passio
535 1756 677 1827 inexperta
690 1756 749 1813 rim
763 1754 830 1811 lacit
843 1765 877 1812 ut
891 1758 980 1815 noni-

182 1828 286 1885 oidium
302 1829 455 1885 admittant.
492 1832 602 1885 Etenim
615 1831 702 1902 aliqui
717 1829 886 1887 excedentes
902 1834 980 1888 meli·

182 1906 261 1968 tiam,
280 1904 314 1959 ad
324 1906 412 1977 magis
422 1906 588 1960 iniuriosum
598 1906 701 1961 eoitum
711 1902 818 1969 furunt,
841 1911 875 1981 τῇ
889 1908 978 1964 παιδι-

182 1981 292 2052 ρασιίᾳὶ
300 1995 354 2050 quo
365 1997 418 2035 non
429 1980 519 2035 solum
530 1981 632 2045 civilis,
644 1998 739 2036 verum
751 1982 834 2035 etiam
845 1983 979 2037 naturalis

183 2054 252 2126 legis
267 2063 411 2125 praecepta
425 2056 573 2110 violentur.
611 2054 745 2122 Quoniam
759 2055 935 2114 destruendo
945 2060 980 2113 le·

203 2146 245 2183 ern
260 2129 429 2185 immobilem
444 2130 478 2184 ab
492 2132 554 2202 ipsa
568 2131 681 2186 veritate
694 2130 942 2202 reprehenduntur
951 2131 980 2186 de

183 2146 254 2259 iacto
273 2204 384 2270 illicito.
411 2222 497 2277 quum
516 2206 655 2261 incassum
673 2206 809 2261 seminent
828 2215 858 2262 et
878 2206 980 2264 foetum
1003 2225 1004 2254 ι

183 2281 318 2351 perimant
327 2282 558 2351 immaturumque
569 2281 702 2336 emittant.

239 2408 281 2458 50.
302 2406 473 2461 Caeterorum
484 2412 575 2460 tamen
587 2408 766 2462 animantium
777 2402 815 2482 [⁴⁵]
827 2406 981 2465 honestatis

183 2478 358 2533 manifestum
368 2488 558 2553 argumentum
569 2482 744 2554 exoperibus
758 2490 833 2553 patet
849 2493 878 2537 et
891 2486 983 2540 zelum
1002 2497 1003 2526 ³

183 2558 274 2607 contra
285 2554 461 2618 libidinosos,
478 2570 547 2624 quos
557 2556 731 2627 impudentes
741 2556 832 2611 statim
845 2561 984 2630 repellere

182 2624 319 2680 nituntur:
350 2630 388 2683 ita
401 2637 446 2693 ut,
466 2629 490 2681 ei
500 2642 551 2699 pro
560 2638 682 2701 tempore
693 2628 829 2703 neqdeant
837 2634 984 2707 compotes

181 2711 255 2758 esee,
277 2711 459 2771 opportunum
473 2705 673 2775 praestolentur
685 2716 803 2779 tempus.
844 2707 878 2763 ld
890 2718 984 2763 antem
1001 2721 1002 2784 p

997 3035 1000 3066 l
