2050 3100
132 135 418 182 PRINCIPIORUM
436 136 771 185 PHILONIANORUM.
802 133 845 185 m

51 254 216 302 Fermeutnm
225 252 366 302 duleifleum
375 252 424 302 cibi
433 260 485 314 eet,
497 264 550 303 non
559 254 629 304 cibus
632 289 782 305 ..................
796 206 849 307 2⁸9

54 319 165 383 Sanguis
180 320 296 370 uictimae
314 321 414 371 oblatae
430 322 552 370 indicium
568 329 606 372 eat
624 323 722 373 animae
735 323 782 373 deo

87 394 259 436 consecratae.
271 422 783 439 ..............................................................
809 415 844 427 -

24 470 27 500 t
53 454 95 502 Ad
104 455 239 503 vivendum
247 454 390 504 necessaria
399 461 456 503 eunt
463 456 536 517 panis
547 463 572 505 et
579 471 659 519 aqua,
678 457 784 506 adbeue

88 534 148 570 vero
156 522 288 571 vivendum
301 521 402 585 apathia
411 528 436 571 et
443 522 573 585 integn'tae
583 538 681 573 morum
684 559 783 574 ............
802 528 848 573 481

23 632 24 636 ,
53 587 107 640 Neo
121 589 195 652 pauiu
208 602 290 651 neque
303 602 371 655 aqua
381 602 427 652 per
440 603 468 637 ee
480 590 605 651 nutriunt,
621 618 653 628 —
665 592 714 641 niei
724 591 784 640 divi-

23 676 25 696 =
87 670 151 703 num
164 654 267 705 verbnm
277 657 334 705 istis
348 668 448 719 quoque
461 656 584 706 concedat
596 659 729 721 perutilem
737 659 785 707 vir·

22 767 23 770 ,
88 728 169 770 tutem
170 757 785 775 ...........................................................................
810 742 856 777 *τ’

22 813 24 840 t
54 788 784 842 Divinitatemhomineehouorautamoreettimore2amare

89 862 129 904 est
137 863 220 905 autem
229 857 338 916 tardius,
352 858 379 905 in
388 855 528 905 senioribus
537 857 621 905 locum
631 858 740 919 habena,
754 861 785 908 ti·

89 936 158 972 mere
166 937 225 972 vero
236 924 264 972 fit
272 925 342 986 prius
343 958 783 973 .....................................................
801 932 851 976 453

21 1013 22 1040 ι
55 990 126 1039 More
136 991 234 1039 animae
244 990 444 1040 eetdieeonentia
456 990 488 1038 ad
500 989 651 1052 probitatem
653 1024 783 1038 ................
802 998 851 1042 405

55 1058 118 1105 Post
126 1058 246 1106 mundum
254 1072 305 1107 non
316 1065 354 1107 eat
362 1058 449 1115 loeus,
464 1058 508 1105 sed
517 1058 578 1105 done
580 1092 783 1105 .........................
802 1062 850 1109 497

55 1120 198 1187 Legielator
208 1126 345 1174 seeundum
354 1124 628 1188 supremamrationem
641 1124 703 1172 dene
717 1132 783 1173 eet...
802 1130 851 1174 498

57 1188 127 1240 Gens
136 1192 216 1241 electe
224 1192 310 1241 mundi
320 1198 358 1241 eat
368 1192 449 1240 iorma
457 1191 533 1240 atlex
545 1205 590 1240 sua
603 1191 700 1254 legibue
714 1206 785 1239 mun-

91 1258 171 1307 danis.
179 1292 486 1308 .....................................
486 1281 488 1285 ·
489 1293 784 1305 ....................................
802 1264 818 1305 4
820 1264 851 1308 99

57 1325 211 1389 Principium
221 1333 246 1375 at
256 1325 313 1374 finis
323 1325 447 1375 felicitatis
461 1332 501 1375 eet
511 1338 588 1389 poete
600 1324 685 1374 videre
701 1326 784 1377 deum.
803 1330 851 1375 505

57 1393 117 1441 Vita
125 1392 236 1456 perfecta
245 1398 344 1442 constat
353 1406 386 1441 ex
397 1392 562 1441 mundissimo
575 1393 704 1441 intellectu
717 1399 742 1441 et
753 1393 786 1441 ir·

91 1460 436 1524 repreheneiaoperibne......·;
439 1492 783 1509 ..........................................
803 1464 851 1511 508

57 1526 233 1578 Humauevite
242 1528 330 1578 similia
338 1528 525 1578 eetvaetieaimo
534 1527 597 1577 mari
607 1526 680 1591 (eto.)
682 1562 783 1577 ............
803 1532 850 1578 500

59 1594 163 1645 Gratum
178 1593 366 1659 iucundumque
383 1603 422 1645 eat
440 1597 488 1645 deo
505 1602 557 1644 tem
575 1596 668 1644 donare
683 1597 784 1659 maiae,

92 1677 166 1726 quam
179 1664 314 1727 gratiarum
329 1664 454 1712 actionem
465 1663 578 1725 recipere
581 1699 783 1712 .........................
802 1667 850 1713 510

58 1729 258 1779 'sabernaculum
265 1731 381 1794 portatile
390 1731 510 1793 templum
520 1738 558 1779 eet
569 1731 609 1779 dei
610 1765 783 1780 .....................
803 1735 851 1780 524

57 1791 115 1845 Nou
124 1798 275 1861 opulentiam
284 1804 353 1846 amat
360 1798 488 1859 divinitae,
498 1812 544 1847 nec
553 1805 724 1862 paupertatem
733 1805 785 1848 tae·

91 1865 140 1913 det.
149 1897 215 1912 ........
218 1882 223 1912 ·.
227 1901 783 1914 ....................................................................
803 1869 850 1914 ota

59 1929 141 1994 Caput
154 1939 192 1998 est
205 1933 296 1982 mentia
305 1933 439 1995 templum,
458 1932 484 1980 iu
494 1946 545 1994 quo
554 1934 660 1982 consilia
668 1941 785 1983 constan·

91 2005 129 2046 ter
137 1999 243 2062 degunt,
258 1999 397 2048 etmiuietri
407 2013 494 2048 senene
497 2035 782 2048 ...................................
809 2026 843 2036 -

57 2063 126 2114 Nihil
134 2072 173 2115 eat
182 2066 319 2115 iucundum
332 2081 363 2115 ae
377 2080 466 2125 suave,
485 2080 567 2128 neque
581 2067 717 2128 gloriosum
731 2081 784 2115 ma·

91 2133 143 2196 gia,
162 2133 408 2196 quamdeoeervire:
436 2133 783 2200 quodenoellitmagnumat-

91 2200 142 2248 iam
154 2214 259 2263 regnum
260 2235 782 2248 ...............................................................
802 2203 849 2248 505

56 2267 148 2316 Pectus
156 2267 378 2327 looneeeteordie,
391 2274 416 2316 et
425 2267 460 2314 ibi
468 2266 564 2314 habitat
572 2265 701 2314 iracundia
702 2302 782 2313 ..........
801 2271 848 2315 543

58 2332 94 2383 Oe
104 2333 228 2395 ciborum,
237 2342 266 2383 ut
274 2333 346 2384 Plato
356 2334 403 2394 ait,
413 2335 554 2396 ingressum
561 2332 637 2380 habet
645 2331 671 2379 in
681 2346 708 2380 ee
717 2347 783 2380 mor·

88 2401 189 2461 telium,
203 2408 228 2450 et
236 2400 304 2450 verbi
313 2401 460 2450 immortalia
472 2399 567 2447 exitum
570 2433 782 2446 ..........................
802 2403 848 2448 545

55 2467 228 2516 Admniorum
237 2482 341 2530 operum
350 2467 539 2517 exsecutionem
547 2464 643 2513 virtutis
658 2478 721 2527 opna
736 2473 781 2514 eet.
802 2470 850 2515 550

57 2533 85 2584 Si
96 2535 162 2583 euim
171 2535 308 2583 secundum
317 2535 423 2583 formam
432 2533 508 2581 divini
520 2532 601 2580 vultus
613 2531 689 2579 homo
702 2531 783 2580 iaetus

90 2600 150 2660 fuit,
168 2603 247 2650 multo
255 2603 336 2664 magia
344 2603 376 2650 de
386 2601 469 2649 divina
478 2599 639 2648 similitudine
647 2598 674 2646 in
684 2599 784 2662 angelo·

90 2681 145 2716 rum
154 2667 244 2718 faeiem
252 2670 335 2733 portio
345 2668 453 2717 accessit
463 2666 570 2729 amplior
571 2700 783 2715 ..........................
803 2671 851 2714 554
