2050 3100
82 157 195 224 [ωηο]
260 165 303 208 ru
322 148 722 210 ouunsin.snnu01n.'
856 159 886 212 tt

111 337 149 403 [Ἴ
172 335 243 394 Quid
258 347 295 386 est
310 334 444 399 „Nedon
461 335 557 400 s'ssrpleto
577 346 631 386 sust
648 347 753 401 peccota
768 336 853 387 Amor-

268 403 394 452 rhoeonsm
411 419 486 466 usque
502 403 622 453 adduffl‘?
640 405 700 468 (ib.)

134 507 178 560 13.
204 503 328 570 Quidam
343 504 487 567 dixerunt,
508 521 558 576 per
573 503 625 559 hoo
635 523 650 560 a
660 506 734 560 Mose
745 505 831 560 iatum
841 506 887 560 in-

78 579 241 634 troductum
251 596 313 635 esse
323 579 469 658 explicite,
488 580 569 649 quusi
579 596 645 640 vero
654 581 746 634 omnia
756 581 812 634 sint
821 597 887 652 per-

79 654 200 708 ficienda
220 654 376 708 secundum
391 653 475 707 talem
488 652 584 724 horam
599 663 626 709 et
638 661 748 728 tempus
763 653 886 710 destina-

78 738 136 783 tum
145 727 276 802 periodis
287 727 307 800 (.
322 769 328 782 .
343 727 408 804 .)*).
570 732 577 738 “
744 727 751 738 “

100 884 169 952 Qsdd
188 893 224 934 est
242 882 663 1016 '’Q'‘“”⁸⁸2}251⁸{⁰²(1}d1‘’‡⁶)‘¹⁸¹⁴m’
675 876 779 948 florario
789 887 864 952 facio
884 938 887 942 ,

516 989 523 1014 ,
573 990 579 1003 .

136 1057 180 1109 si.
206 1052 259 1109 Vel
273 1052 334 1124 ipse
348 1053 389 1107 sol
405 1050 529 1109 flammam
545 1053 637 1124 specie
653 1055 780 1123 apparuit
794 1055 825 1108 in
839 1071 886 1108 oc-

78 1146 161 1191 casu,
174 1128 221 1183 vel
232 1125 343 1194 flamma
353 1127 408 1186 alia
418 1127 453 1181 ad
463 1144 624 1198 vesperum,
640 1143 694 1181 non
705 1126 824 1190 fulmen,
837 1127 886 1180 sed

77 1202 184 1257 similis
195 1202 223 1256 ei
233 1201 309 1274 ignis
320 1201 441 1272 desuper
450 1203 577 1257 stillavit.
612 1199 757 1257 Manifesta
767 1197 886 1254 redditio

76 1277 209 1349 responsi
222 1275 291 1337 haec
301 1285 354 1331 est.
392 1276 494 1332 Verum
505 1275 578 1331 illud
588 1274 663 1346 quod
673 1291 787 1331 sensum
796 1273 886 1346 respi-

77 1354 133 1416 cit,
145 1351 300 1406 dioendum
310 1359 352 1406 est
362 1349 382 1423 (.
397 1391 403 1404 .
419 1349 436 1423 .)
447 1350 501 1424 **).

80 1507 150 1567 Quid
166 1517 201 1558 est
218 1507 309 1571 „Ecce
326 1507 434 1559 clibanis
443 1508 545 1573 firmum
558 1483 716 1573 et'lompsdes
730 1507 804 1575 ionis,
824 1523 886 1572 quoe

134 1576 330 1641 manserunt
341 1592 390 1640 per
406 1574 496 1629 medias
513 1574 638 1625 divisiones
654 1576 748 1625 ilias‘tr
766 1574 826 1642 (ib.)

137 1679 181 1731 45.
210 1677 313 1731 Littera
332 1684 421 1747 patet;
452 1676 513 1730 vult
533 1676 606 1730 enim
625 1676 715 1733 divini
730 1676 810 1731 verbi
825 1675 886 1730 fons

77 1754 144 1806 sire
154 1750 237 1805 radix
245 1749 351 1805 hostius
362 1751 488 1805 consumi
502 1768 557 1805 non
572 1750 607 1804 ab
622 1768 668 1815 eo,
688 1751 738 1821 qui
754 1750 788 1804 ud
802 1766 886 1805 usum

78 1833 208 1880 nostrum
223 1824 304 1879 datus
319 1832 361 1879 est
374 1826 464 1897 ignis,
486 1824 536 1886 sed
547 1842 561 1878 a
572 1824 756 1899 descendente
767 1824 886 1895 desuper

79 1917 116 1954 ex
131 1899 256 1964 aethere,
277 1907 308 1953 ut
322 1906 437 1954 testetur
450 1900 590 1954 sanctitati
607 1900 759 1954 hostiarum
779 1900 885 1970 puritas

79 1976 219 2031 essentiae
233 1973 314 2027 caeli.
353 1972 397 2027 Ad
414 1981 534 2028 mentem
554 1990 618 2029 vero
638 1973 747 2027 clibano
768 1972 886 2028 fumanti

79 2048 187 2103 similia
208 2047 278 2103 iacta
297 2055 363 2102 sunt
382 2050 474 2102 omnia
492 2048 668 2112 sublunaria,
698 2048 733 2101 ob
755 2064 885 2119 vaporem

77 2122 278 2178 ascendentem
293 2122 328 2177 de
343 2131 414 2177 terra
429 2131 455 2177 et
470 2139 554 2194 aqua3
582 2120 718 2193 quatenus
734 2130 886 2177 straturae

80 2200 219 2253 sectiones
230 2204 309 2261 sunt,
321 2206 353 2251 ut
363 2204 425 2251 ante
435 2206 577 2252 ostensum
587 2205 642 2261 est,
658 2196 777 2269 singulis
787 2195 886 2251 mundi

80 2272 210 2343 partibus
230 2272 262 2327 in
281 2271 337 2326 duo
355 2270 467 2330 divisis.
505 2273 540 2336 Et
554 2272 599 2333 his
615 2270 801 2343 accenduntur
815 2280 886 2327 tam-

131 2447 154 2494 ')
170 2447 255 2487 Deesse
273 2445 359 2488 udatur
374 2454 465 2493 sequeris
482 2446 593 2493 perioche,
619 2444 654 2483 obi
673 2444 767 2495 oportuit
785 2452 832 2481 esse
850 2449 885 2477 ce-

81 2496 169 2545 sursus
186 2496 256 2535 fuisse
271 2496 390 2535 sententiare
408 2498 431 2533 et
449 2496 580 2535 constructio
598 2504 671 2541 verser
699 2496 751 2533 slies
773 2488 886 2529 dicendum

81 2550 139 2636 a
147 2547 292 2635 sufflatum
309 2546 338 2585 sit
352 2548 479 2593 usurpatum
496 2546 524 2585 ab
542 2548 629 2585 auctore
646 2554 684 2593 pro
703 2542 841 2625 dispositione
855 2540 887 2576 di·

133 2650 178 2704 ''i'
197 2655 243 2694 Aut
256 2656 292 2693 hio
310 2664 395 2704 qnoque
412 2656 490 2694 desunt
507 2653 588 2703 alique,
616 2656 653 2691 sut
670 2660 708 2699 per
726 2648 836 2695 sequentia
851 2646 886 2684 sd·

82 2706 160 2755 inplet
174 2708 253 2745 sartor
270 2706 433 2753 promissionem
450 2715 518 2745 susm.
545 2704 627 2743 Auoh.

118 2756 233 2805 Pinnio
254 2755 312 2806 vii.
602 2794 605 2805 ,
660 2750 682 2797 Β
