2050 3100
78 166 129 232 [IL
143 161 205 229 533]
273 170 313 216 IN
331 171 498 219 BXODUH·
518 165 646 222 SERM'O
665 175 696 220 Π.
836 168 887 223 377

78 279 164 329 amat
184 268 330 336 diuinitas,
362 288 415 329 nea
438 281 627 345 paupertatem
651 262 750 331 taedet'.
796 276 886 333 Tertio

78 351 248 418 quadratam
255 344 411 419 symbolum
425 355 481 412 est,
500 357 655 409 constanter
664 351 775 407 omnino
784 350 886 408 debere

78 433 249 485 stareeum,
269 421 405 497 quieffert
417 422 598 489 sacrificium,
618 424 784 485 nullomodo
794 428 886 484 anima

78 496 235 553 deficiente
244 496 471 569 aeelaudicante‚
492 498 542 555 sed
556 500 662 573 integro
672 500 809 573 pleneque
820 518 886 557 can-

78 573 166 636 silio.
186 579 259 628 reeta
268 571 441 651 tandemsed
450 574 602 647 gratiarum
611 576 754 634 actionem.

329 649 345 686 a

125 734 208 794 Quare
224 736 372 800 „altitudo“
388 737 474 789 adar&
490 755 521 789 aa
536 740 774 803 ,fflbaamda'tt'a‘d
791 740 850 804 (ib.)

147 859 205 910 tuo.
225 856 327 926 Littera
339 856 455 913 refertur
464 858 499 913 ad
509 858 695 915 ministerium
705 858 885 913 uniuscuius-

64 948 142 1004 vque
158 931 343 995 sacerdotum,
364 939 395 987 ut
404 932 504 988 saltem
511 950 596 1006 super
604 930 771 991 soliditatem
782 937 884 988 stantes

79 1005 194 1079 possint
203 1007 321 1070 servire,
333 1005 413 1061 facile
423 1016 527 1071 ventre,
541 1009 636 1079 eisque
646 1024 717 1079 quae
727 1006 779 1061 sub
790 1016 884 1063 ventre

81 1084 163 1143 intus
176 1080 246 1145 sint,
267 1081 447 1156 reconditis*)
460 1081 495 1137 ab
505 1081 586 1146 multi
596 1100 627 1137 aa
647 1083 694 1137 itis
705 1082 822 1140 bestiam
835 1098 885 1136 cu-

81 1155 247 1230 piditatem,
268 1156 453 1228 ultimumque
474 1159 547 1230 cirea
566 1100 758 1219 conlusorem,
780 1155 883 1211 malum

82 1230 655 1306 consiliarium.utsuperetillumeapite,
695 1230 783 1302 Caput
793 1239 884 1285 autem
921 1232 926 1236 ’

82 1314 127 1363 est
142 1306 243 1366 mentis
258 1305 405 1379 templum.
427 1308 457 1361 in
472 1324 528 1381 quo
543 1305 658 1362 consilia
672 1313 826 1362 constanter
835 1305 884 1361 de-

83 1388 179 1455 gunt„
190 1388 218 1437 et
230 1381 351 1437 ministri
365 1399 475 1439 sensus.
515 1380 558 1438 Ad
572 1390 691 1439 mentem
701 1388 791 1440 autem
802 1387 884 1437 ternio

84 1464 128 1513 est
147 1455 303 1528 condensus
321 1456 475 1529 plenusque
491 1473 636 1521 numerus,
647 1456 764 1530 *nullam
779 1456 883 1512 habens

84 1532 266 1598 vacuitatem,
290 1531 339 1590 sed
357 1530 493 1604 quiequid
512 1532 542 1592 in
563 1530 694 1590 dualitate
714 1531 883 1606 discerptum

84 1616 157 1673 erat,
174 1607 339 1680 adimplens.
378 1605 883 1685 symboliceitaquelignrataltitudi-

84 1701 150 1740 nem
160 1684 268 1740 animae
277 1682 457 1757 immolantis,
475 1701 594 1759 aequum
605 1683 709 1740 ducens
720 1701 783 1742 eum
793 1686 883 1739 omni·
947 1728 949 1731 v

85 1774 122 1814 no
132 1775 181 1829 per
190 1759 282 1818 omnia
291 1757 432 1831 expletum
442 1777 519 1829 esse„
533 1759 570 1832 ita
581 1768 611 1834 ut
620 1756 690 1833 nihil
702 1756 800 1816 haheat
810 1761 839 1815 in
853 1777 883 1814 se

87 1833 223 1888 desertam
242 1835 405 1898 vanitatem,
434 1850 506 1907 quae
526 1828 613 1911 capax
630 1836 667 1890 sit
684 1835 805 1894 malitiae
822 1835 882 1909 sive

86 1909 177 1980 operis
186 1909 260 1965 vitii.
292 1907 409 1966 Attende
419 1904 524 1977 tamen,¹
534 1908 609 1985 quod
619 1910 809 1982 multiplicatis
821 1927 882 1965 arae

85 1985 223 2039 mensuris
243 1983 393 2055 quinquies
411 1985 535 2057 quinque
554 1993 595 2042 ter
612 1993 723 2057 generat
737 2002 882 2039 numerum

85 2058 261 2137 septuaginta
274 2059 413 2131 quinque,
434 2059 468 2116 de
482 2075 537 2132 quo
549 2055 585 2139 [⁴¹⁵]
598 2058 762 2133 iampridem
777 2058 882 2129 dictum

86 2141 137 2189 est.

115 2238 200 2298 &aare
211 2242 349 2304 „comest
367 2241 438 2290 tabet
454 2240 542 2304 altare,
561 2258 608 2290 non
625 2252 702 2292 naum
718 2211 853 2306 supereum,

287 2307 331 2356 aad
346 2308 413 2357 unita
429 2307 549 2372 (adarifl
572 2313 625 2372 (at,
642 2311 680 2369 2.)
915 2309 919 2323 ’

143 2411 201 2464 tol.
220 2409 378 2481 Propterea.
400 2408 474 2480 quod
484 2409 556 2465 nihil
568 2427 603 2465 ex
612 2410 662 2474 iis,
683 2410 732 2481 qui
742 2423 827 2463 cornu
836 2424 882 2462 ea-

87 2491 178 2548 raant,
194 2501 314 2558 aequam
323 2484 524 2549 sitimmolara,
539 2502 591 2541 nae
604 2483 770 2546 sacrificare,
792 2498 882 2554 neque

86 2579 296 2601 Η--η-η-ι-
391 2602 393 2604 v

135 2623 209 2672 'Md
221 2627 322 2667 verbam:
347 2628 371 2666 tn
387 2635 451 2676 opaco
465 2626 549 2675 portin.
584 2624 663 2664 Sensus
676 2626 719 2668 eat.
739 2622 796 2671 quod
809 2623 882 2665 altaria

87 2675 176 2714 altitudo
193 2678 309 2725 superabat
324 2678 427 2716 maloram
442 2679 524 2725 partem
539 2676 632 2724 corporis
646 2673 774 2727 adstantium
787 2683 800 2711 a
813 2675 882 2721 capita

86 2725 131 2773 (Ν
142 2726 239 2774 ΜΝ)
250 2727 314 2768 lutra·
337 2727 419 2769 Anah.
