2050 3100
120 251 194 318 [1,
219 249 282 316 6.]
405 257 502 302 DE
543 257 1091 305 PROVIDENTIA
1128 257 1384 304 SERMO
1423 259 1461 303 1.
1673 223 1745 306 15·

120 358 303 420 cisse,
337 370 539 428 quum
548 357 817 414 mundum
854 375 1039 414 creare
1074 357 1281 438 coepit,
1323 367 1378 415 et
1402 375 1546 447 quae
1575 368 1732 416 antea

118 434 253 488 sine
286 431 480 487 ordine
520 448 583 487 ac
624 433 742 505 lege
782 442 947 506 atque
981 429 1293 489 errabun'de
1325 436 1536 490 moveri
1569 431 1731 491 solita

117 515 269 563 erat
288 508 541 572 materia,
594 514 727 562 tuno
762 510 1077 580 speciosum
1115 508 1364 564 ordinem
1405 526 1534 564 cum
1569 527 1733 566 orna-

114 590 315 639 mento
335 582 533 654 adepta
549 581 670 637 est?
707 599 840 638 num
867 585 1099 640 materia
1128 585 1251 713 ipsa
1272 584 1378 640 fuit
1398 584 1503 640 deo
1518 585 1733 673 princi-

116 659 213 746 pii
233 658 352 713 loco
371 656 564 731 (quum
584 658 853 714 mundum
873 660 1150 732 conderet)
1209 659 1280 715 At
1299 668 1506 716 creator
1525 660 1731 734 iugiter

120 735 293 788 istam
322 732 683 806 intelligendo
712 733 1017 792 adornavit.
1095 736 1239 790 Deus
1269 736 1417 790 enim
1444 753 1550 790 non
1572 736 1730 808 prius

117 806 443 882 intelligere
464 810 661 879 coepit,
685 825 850 881 quam
872 827 1059 884 agere3
1086 827 1187 865 nec
1206 827 1450 882 unquam
1472 809 1730 882 (tempus)

20 928 26 934 .
119 883 266 946 fuit,
308 882 529 955 quando
550 900 658 937 non
681 893 889 956 ageret,
932 884 1225 956 speciebus
1255 883 1363 957 (vel
1394 885 1557 959 ideis)
1588 886 1730 957 ipsis

117 957 201 1013 ab
222 957 436 1031 origine
456 975 581 1012 cum
600 957 697 1014 illo
718 959 1133 1014 exsistentibus
1200 960 1340 1013 Nam
1359 959 1614 1015 voluntas
1637 959 1727 1014 dei

118 1033 397 1119 posterior
415 1049 522 1087 non
542 1041 651 1096 est,
686 1033 784 1089 sed
814 1051 942 1090 cum
969 1035 1090 1106 ipso
1121 1042 1203 1088 est
1228 1036 1446 1105 semper
1474 1035 1728 1089 voluntas

120 1108 282 1174 eius;
306 1104 581 1162 naturales
602 1109 750 1162 enim
767 1109 947 1165 motu's
968 1125 1253 1182 nunquam
1273 1107 1730 1163 deficiunt.1ta-

117 1199 240 1255 que
268 1198 484 1254 semper
513 1182 875 1256 intelligendo
905 1182 1036 1238 facit
1057 1190 1113 1237 et
1135 1182 1498 1237 sensibilibus
1517 1184 1729 1254 princi-

116 1257 287 1331 pium
310 1256 613 1312 exsistendi
633 1258 886 1329 praebet:
924 1259 1001 1313 ita
1021 1266 1084 1313 ut
1104 1257 1242 1312 haec
1259 1273 1477 1330 semper
1495 1257 1729 1312 coniun-

118 1333 263 1389 ctim
301 1332 653 1388 inveniantur
688 1342 740 1388 et
776 1333 941 1387 deum
979 1349 1139 1405 agere
1175 1330 1367 1387 divino
1405 1332 1637 1386 consilio
1677 1341 1729 1392 et

118 1406 420 1464 sensibilia
457 1407 706 1478 accipere
743 1408 1084 1480 principium
1124 1406 1448 1461 eXSistendi.
1537 1407 1728 1478 Neque

120 1483 281 1539 enim
310 1481 428 1537 fieri
450 1482 661 1555 potest,
712 1491 773 1538 ut
805 1483 1066 1559 cuiquam
1096 1481 1237 1537 bene
1273 1481 1364 1536 flat
1392 1499 1492 1555 per
1517 1480 1730 1536 benefi⁴

122 1560 283 1615 cium
304 1566 358 1613 et
377 1558 598 1613 interim
618 1556 949 1614 beneficium
970 1576 1001 1613 a
1021 1554 1397 1614 benefactore
1387 1575 1496 1613 non
1517 1557 1616 1613 sit:
1651 1559 1727 1613 ita

118 1643 187 1692 ut
207 1635 309 1706 qui
342 1632 524 1698 dedit,
567 1634 905 1699 benefactor,
949 1642 1002 1693 et
1021 1635 1121 1706 qui
1143 1634 1354 1707 accepit
1373 1632 1723 1740 beneficium,

117 1715 361 1781 uterque
380 1708 508 1764 boni
528 1712 811 1782 particeps
829 1711 922 1765 sit.

245 1838 299 1889 8.
340 1834 499 1902 Quod
520 1835 718 1906 siquis
737 1821 1039 1891 concedere
1058 1835 1193 1890 haec
1213 1834 1374 1898 nolit,
1404 1843 1569 1922 atque
1590 1834 1728 1890 fate·

120 1912 172 1968 ri
206 1911 378 1966 simul
409 1912 515 1965 ista
542 1910 789 1983 (fuisse),·
826 1911 1103 1984 quomodo
1125 1928 1255 1983 ergo
1279 1911 1587 1982 antiquitus
1609 1927 1726 1963 ma-

118 1987 264 2043 teria
294 2002 355 2040 se
385 1984 606 2049 habuit,
646 2002 788 2056 quae
824 2003 1110 2059 nunquam
1147 1986 1269 2041 sine
1307 1994 1500 2040 ornatu
1537 2002 1638 2039 suo
1668 1986 1725 2038 in

120 2059 337 2118 mundo
373 2070 585 2150 reperta
624 2059 741 2115 est?
800 2059 859 2115 Si
902 2079 1031 2116 vero
1071 2060 1297 2134 aliquod
1342 2069 1560 2132 tempus
1599 2058 1723 2123 fuit,

118 2135 358 2210 quando
389 2136 530 2223 ipsa
556 2133 892 2192 ornamentis
938 2154 1177 2210 expers
1184 2136 1257 2190 sit
1303 2136 1556 2198 inventa,
1613 2134 1727 2188 iam

119 2211 325 2269 mundi
345 2210 684 2283 principium
703 2219 835 2266 tunc
854 2209 984 2276 fuit,
1018 2229 1191 2283 quum
1219 2218 1441 2266 ornatus
1463 2210 1516 2264 ei
1543 2211 1730 2263 acces-

119 2290 217 2342 sit.
299 2287 575 2352 Quoniam
594 2288 643 2341 si
664 2287 948 2341 materiam
971 2254 1340 2374 intelligimus
1362 2284 1726 2340 substantiam

117 2363 323 2420 ornatu
369 2367 643 2417 carentem
690 2362 951 2434 omnique
989 2354 1210 2417 ordine
1221 2360 1568 2422 destitutam,
1627 2358 1727 2429 qui
1824 2401 1831 2409 .

119 2436 246 2492 fieri
277 2444 456 2524 potest
483 2445 545 2491 ut
573 2454 681 2491 non
713 2436 983 2508 acciperet
1006 2436 1346 2508 principium
1365 2441 1589 2520 ornatus
1609 2448 1727 2486 ma·-

117 2514 262 2568 teria
285 2512 433 2583 ipsa,
459 2529 602 2583 quae
622 2529 770 2566 nunc
789 2510 1058 2566 habetur
1043 2529 1102 2566 ιιι
1123 2506 1367 2565 mundo?

236 2650 292 2700 9.
333 2646 498 2701 Porro
526 2645 723 2702 mundi
752 2654 963 2717 partes,
1003 2654 1067 2701 ut
1094 2652 1304 2708 essent,
1349 2639 1424 2718 [Ἴ
1448 2642 1726 2714 accepisse

119 2721 353 2779 initium
374 2719 627 2780 fatemur.
702 2720 871 2792 Atqui
892 2729 1074 2792 partes
1094 2722 1145 2775 si
1166 2684 1416 2783 initilim,
1441 2726 1503 2772 ut
1522 2724 1735 2796 essent..

118 2796 467 2862 habuerunt,
500 2798 724 2853 omnino
744 2812 969 2853 necesse
990 2804 1072 2851 est
1090 2799 1265 2851 totum'
1285 2809 1506 2865 quoque
1520 2832 1533 2856 ,
1560 2800 1619 2847 ut
1640 2808 1728 2847 es-
