2050 3100
133 172 183 224 3⁰8
259 176 356 222 PHIL.
375 175 448 221 1111).
469 174 631 233 Quanam
649 174 699 220 m
724 175 802 220 eon.
821 170 864 235 [11,
874 174 940 239 tto]

132 276 262 331 tationem
271 273 348 330 velut
358 274 491 347 templum
501 285 529 332 et
538 293 614 332 mam
623 273 699 330 dorni
708 291 841 347 apparere
853 275 937 333 lecit:

132 358 164 406 ut
177 351 206 403 in
220 348 310 420 primo
323 349 458 405 sacrificio
472 351 592 406 nationis
601 366 682 406 nemo
691 348 750 405 ullo
760 349 841 405 modo
852 367 940 407 exce-

133 423 315 479 datalterum.
355 423 456 490 Quarto
466 426 573 481 iustum
582 434 609 479 et
619 440 739 496 aequum
748 425 939 490 censuit,an-

131 509 243 570 tequam
262 497 392 571 elegisset
411 500 592 571 particulares
611 498 780 563 sacerdotes,
808 500 938 572 integrae

131 573 235 628 nationi
255 571 405 628 concedere
419 574 618 629 sacerdotium:
649 580 680 628 ut
693 590 748 629 non
762 589 812 645 per
825 583 937 645 partem

131 656 227 712 totum,
239 646 289 701 sed
299 664 363 719 pars
373 664 422 720 per
433 655 519 703 totum
531 647 757 703 honorificaretur
766 665 832 720 pree
841 652 936 703 omni-

131 723 183 777 bus
197 722 390 793 popularibus.
430 722 464 777 Et
475 724 599 794 primum
609 724 671 794 ipso
680 723 819 793 principio
828 722 935 778 iactum

130 796 298 853 sacrificium
313 795 381 852 dicti
394 796 541 852 Paschetos
553 798 694 870 permisit,
715 805 747 851 ut
760 798 834 851 natio
848 815 935 853 manu

129 868 240 945 propria
249 870 395 943 perficeret
404 871 615 943 immolaretque
626 869 664 946 [⁸]
675 872 749 925 sicut
761 872 935 943 principium

129 946 277 1010 bonorum,
290 954 391 1001 certam
402 963 462 1001 eam
472 945 605 1010 reddens,
620 945 695 1018 quod
703 945 775 1000 nihil
785 946 934 1017 pulchrius

128 1023 178 1085 sit,
199 1038 283 1092 quam
297 1020 403 1076 cultum
417 1016 547 1075 divinum
560 1021 729 1075 unanimiter
742 1020 777 1075 ab
790 1021 933 1076 universis

128 1097 238 1168 peragi:
270 1103 301 1150 ut
315 1098 398 1151 etiam
409 1103 435 1151 et
445 1097 543 1168 templi
553 1094 734 1150 verritorihus
744 1103 772 1149 et
780 1096 934 1151 sacerdoti-

128 1171 182 1224 hus
193 1172 290 1240 eisque
299 1170 349 1242 qui
358 1170 519 1241 pontificatu
530 1169 697 1243 fungemur,
718 1169 855 1224 indicium
865 1187 934 1241 pro-

128 1253 253 1318 totypum
263 1246 300 1299 sit
309 1246 383 1300 natio
393 1262 442 1316 pro
452 1246 536 1301 rebus
546 1242 820 1316 sancteperagendis.
841 1243 934 1310 Quin·

127 1329 165 1383 to,
173 1320 239 1390 quia
249 1327 305 1373 tam
316 1318 428 1374 domum
437 1320 498 1375 vult
508 1336 742 1392 unamquemque,
749 1326 933 1389 tampatrem-

128 1394 248 1449 familias
268 1394 306 1449 ita
323 1393 459 1467 condigne
474 1396 596 1467 operari,
618 1401 649 1449 ut
663 1393 734 1447 nihil
749 1395 861 1449 omnino
874 1394 932 1448 im-

127 1468 281 1523 munditiae
292 1486 356 1540 prae
367 1486 397 1524 se
407 1469 508 1534 lerant,
531 1478 672 1540 tamquam
686 1467 814 1523 sacerdos
826 1484 933 1540 purga·
943 1535 956 1543 ‚

127 1552 173 1599 tus
184 1542 218 1598 ah
228 1544 303 1598 omni
313 1553 438 1616 peccato,
455 1545 485 1599 in
497 1544 603 1599 eunctis
614 1542 711 1607 dictis,
727 1541 806 1598 iactis
817 1551 843 1598 et
852 1560 885 1597 oo
909 1545 933 1585 '-

127 1619 202 1673 tatis.
240 1619 395 1673 Ecclesiam
409 1636 474 1674 vero
489 1617 523 1690 (s.
534 1617 783 1692 congregationem)
798 1615 881 1674 nunc
907 1620 933 1673 i-

128 1709 193 1747 cens
208 1693 428 1757 multitudinem,
451 1693 576 1764 apposite
585 1693 731 1763 usurpavit
740 1691 933 1749 nomenclatu-

127 1784 200 1830 ram,
223 1767 257 1820 ad
272 1769 416 1829 certiorem
431 1768 619 1838 apparentiam
633 1766 795 1840 vigilantiae
806 1769 835 1821 in
845 1767 933 1823 rebus

82 1893 84 1895 .
127 1841 294 1913 suppositis,
316 1843 389 1896 sicut
403 1849 430 1896 et
444 1858 519 1902 nune
533 1849 560 1895 et
573 1841 603 1906 in
612 1858 754 1914 praesens.
793 1840 933 1907 Quoniam

128 1917 308 1971 conveniente
327 1916 480 1971 secundum
501 1917 661 1980 unanimam
675 1914 850 1970 concordiam
864 1917 934 1970 uni—

127 2007 208 2045 versa
222 1990 401 2046 multitudine
415 1992 445 2046 in
460 1992 611 2064 gratiarum
627 1991 762 2046 actionem
776 2006 826 2060 pro
839 1997 935 2044 trans-

127 2066 305 2136 migratione.
327 2083 381 2125 non
395 2067 516 2138 emplius
531 2064 737 2120 multitudinem
752 2073 800 2118 eut
818 2073 935 2136 gentem

128 2147 175 2194 aut
186 2141 320 2212 populum
330 2141 489 2212 appellavit,
503 2138 553 2194 sed
564 2135 707 2194 ecclesiam}
732 2138 854 2210 Contigit
863 2154 934 2210 ergo

128 2215 169 2269 eis
179 2231 234 2269 non
244 2223 351 2270 tantum
361 2215 522 2288 congregari
533 2231 564 2268 ac
575 2213 723 2268 convenire
732 2229 859 2284 corpore,
880 2229 935 2266 ve-

127 2306 190 2344 rum
201 2291 283 2344 etiem
294 2299 393 2354 mente,
405 2299 545 2360 tamquam
556 2305 610 2342 une
620 2286 713 2342 indole
721 2303 832 2359 unoque
838 2288 934 2342 animo

126 2363 318 2420 sacrificaturi.

147 2511 195 2562 Cur
212 2511 248 2562 ed
262 2528 383 2576 eameram
398 2509 524 2560 Traasilaa
538 2518 569 2575 (a.
583 2509 689 2572 Pisaeo)
704 2513 839 2560 mactatae?
851 2507 913 2574 (rb.)

187 2616 227 2667 ll.
251 2615 377 2667 'Fortasse
390 2613 457 2682 quia
470 2620 551 2667 nocte
560 2611 695 2667 beneficia
705 2620 783 2667 erant
791 2610 933 2675 iacienda,

128 2701 178 2740 nee
193 2687 222 2740 in
236 2687 358 2740 tenebris
372 2687 442 2740 solet
456 2686 624 2741 sacrificium
635 2685 741 2751 offerri,
762 2702 852 2758 neque
866 2696 936 2743 ante
