2050 3100
32 2390 36 2397 ῃ
137 2323 220 2398 (sunt)
230 2328 260 2382 in
269 2328 382 2399 primis;

76 181 77 190 ¹
142 162 190 217 tii
261 169 357 213 sum.
377 168 449 214 run.
470 168 633 226 Qunnsu.
653 169 703 212 nu
723 169 805 215 sou.
826 163 868 229 [u,
881 165 953 230 aas]

141 270 281 333 victimas,
294 277 352 324 tum
363 269 577 333 immolationes,
593 286 629 323 ex
638 268 801 324 alienatione
812 269 944 326 conducti

140 346 169 398 in
181 346 403 400 communitatem
414 351 440 398 et
449 345 624 399 concordiam
633 345 731 417 inclyti
741 345 899 416 sanguinis.

144 496 224 555 Quare
244 498 406 562 superaddens
427 498 500 578 dicits
526 498 616 577 „Ecce
635 497 886 561 aspernamenta*
904 513 944 546 ec·

206 583 283 682 mila
300 575 508 698 {Eugipliffim
536 565 642 615 domnas
667 563 702 612 ad
720 581 762 612 vos
784 563 815 613 de
837 565 945 613 ammius

194 737 237 788 36.
258 732 392 800 Quoniam
401 735 517 808 sanguis
528 733 664 790 indicium
676 734 848 806 cognationis
858 732 944 788 iami-

140 809 216 863 liaris
234 818 285 864 est.
324 809 432 882 Duplex
450 817 542 865 autem
555 814 598 864 est
614 809 862 885 consanguinitatis
876 825 944 880 spe-

140 885 209 938 cies:
231 901 287 939 una
300 884 456 950 hominum,
478 895 551 957 quae
562 885 699 958 originem
709 883 793 938 lrabet
803 901 817 938 a
828 885 943 938 maiori-

138 958 205 1028 bus;
223 960 307 1015 altera
318 961 485 1025 animarum,
501 961 582 1015 culus
595 960 766 1031 principium
776 967 818 1013 est
827 959 944 1031 sapien-

138 1035 186 1089 tia.
239 1035 307 1091 Eam
336 1036 443 1107 itaque,
479 1047 551 1108 quae
573 1036 703 1090 convenit
729 1034 882 1089 maioribus
909 1048 943 1089 ac

138 1112 322 1182 generationi,
345 1111 415 1166 nihil
426 1110 800 1166 memoravit-communis
813 1110 943 1164 animast

138 1187 220 1240 etiam
231 1187 321 1242 brutis
332 1186 498 1242 animalibus
504 1211 551 1250 -‚
563 1184 612 1239 sed
624 1185 746 1248 alteram,
759 1201 795 1238 ax
804 1200 859 1256 qua
867 1192 942 1239 tam-
1015 1246 1016 1263 χ

138 1275 221 1332 quam
235 1279 271 1318 ex
284 1262 376 1317 radico
388 1261 539 1334 pullulavit
551 1260 697 1332 sapientia.
737 1259 880 1330 Sapientia
890 1277 943 1314 au-

137 1345 192 1390 tam
210 1336 270 1392 lons
285 1345 326 1392 est
340 1337 486 1391 verborum
502 1336 729 1406 voluntariaeque
742 1334 827 1408 legis,
855 1350 943 1406 quam

137 1410 284 1481 publicans
300 1413 430 1484 magister
443 1411 567 1466 studioso
580 1410 745 1466 eruditionis
758 1410 870 1465 edocuit
880 1427 943 1465 ma-

137 1485 181 1557 gis
190 1487 372 1550 necessarias,
388 1486 563 1542 concordiam
572 1495 600 1542 et
609 1487 847 1542 communitatem:
869 1497 943 1558 qaas

137 1576 191 1613 non
209 1570 325 1630 possunt
344 1562 462 1617 cultores
480 1563 630 1617 multorum
649 1562 764 1617 deorum
784 1562 940 1636 aequipara,

137 1634 204 1705 quis
223 1634 369 1689 honoratae
389 1624 455 1691 huie
474 1637 646 1693 distinctioni
663 1637 860 1691 disiunctiores
878 1639 944 1708 opi-
1014 1689 1015 1700 ,

136 1709 234 1762 aiones
255 1710 395 1780 oppositas
417 1708 523 1767 iaciunt
544 1720 570 1767 et
595 1713 672 1766 rixae
699 1711 943 1783 contentionisque

137 1795 235 1837 causae
245 1784 392 1838 exsistunt.
422 1784 476 1840 Uni
485 1802 553 1841 vero
561 1785 692 1843 adhaesio
702 1786 862 1842 harmonica
873 1800 943 1843 oon-

137 1858 460 1924 sonantiaestonmium,
482 1864 532 1933 qui
541 1862 662 1917 ministri
672 1870 737 1917 sunt
746 1863 851 1933 operis.

141 2010 205 2069 Quid
225 2024 258 2063 est
279 2051 297 2077 „
309 2015 423 2067 Viderunt
444 2018 531 2081 mmet,
558 2020 601 2069 soi
618 2021 701 2069 stabat
722 2019 780 2069 deus
796 2019 889 2084 Israel,
919 2032 944 2071 et

204 2082 247 2129 sub
260 2082 363 2146 pedibus
380 2085 429 2134 eius
444 2086 504 2137 sicta
522 2103 580 2149 opus
597 2087 678 2137 luteris
693 2088 817 2152 supplosi,
840 2098 864 2137 et
879 2090 944 2138 εἰσιιε

203 2149 421 2211 mat‘ofirmamentr'
437 2152 499 2201 caeli
510 2154 633 2216 puritate?
659 2159 712 2219 (24,
727 2156 781 2214 10.)

193 2252 236 2305 37.
256 2252 327 2307 llaec
341 2255 432 2309 omnia
447 2251 584 2327 Theologo
604 2255 729 2312 decentia
748 2274 781 2312 ac
800 2257 942 2333 condigna

400 2326 441 2457 gl]
454 2330 524 2399 quia
531 2347 611 2385 nemo
621 2333 755 2404 glorietur
764 2333 944 2391 invisibilem

136 2400 232 2455 videre
246 2402 343 2464 deum,
368 2403 398 2457 in
417 2404 520 2475 ulgens
535 2406 692 2475 superbiae.
736 2409 829 2464 Locus
847 2418 944 2465 auten

136 2472 211 2527 idem
226 2476 301 2529 solus
314 2484 424 2549 sanctus
440 2486 467 2531 et
484 2476 600 2533 divinus
617 2479 691 2553 (eet),
718 2482 748 2537 in
763 2500 820 2554 quo
836 2484 944 2541 dicitur

136 2549 311 2627 apparuisse,
322 2564 377 2603 non
387 2550 449 2619 ipso
459 2550 578 2607 abeunte
587 2564 635 2609 aut
644 2556 731 2612 situm
740 2567 878 2621 mutante,
891 2561 943 2615 sod

135 2620 259 2673 mittente
272 2622 388 2675 virtutes
403 2619 559 2679 indicantes
573 2644 653 2683 suam
663 2633 827 2696 essentiam,
848 2634 888 2688 ita
898 2644 941 2698 ut,

136 2688 160 2737 si
172 2686 265 2754 liceat,
287 2702 408 2761 oporteat
422 2695 514 2751 dicere
531 2698 622 2756 locum
635 2705 719 2759 istum
733 2707 941 2764 rationalitatis.
