2050 3100
58 167 148 236 [1,ot.]
191 173 242 219 DE
260 173 535 222 PROVIDENTIA
558 173 685 220 SERMO
704 175 723 220 L
829 168 862 222 lt

116 276 160 330 82.
180 271 295 339 Quodsi
306 291 320 327 a
332 274 464 328 natalitiis
474 275 566 329 omnia
581 273 778 346 disponuntur,
802 293 862 331 ces-

57 348 161 403 sabunt
170 349 356 420 tacebuntque
367 349 421 414 lex,
434 349 520 423 ius*),
532 351 647 414 iustitia,
660 350 786 405 iudicum
796 368 862 406 sen-

57 425 174 492 tentiae,
205 423 280 478 haud
295 424 369 478 enim
383 424 469 480 libere
483 423 660 480 estvoluntas
671 426 814 481 hominum
826 425 861 479 ad

59 498 213 570 agendum,
229 498 305 570 quod
315 506 356 553 est
365 499 421 553 sibi
435 500 616 572 propositum.
647 502 741 573 ltaque
752 500 861 556 sublato

60 574 149 629 libero
160 573 273 628 arbitrio
284 591 315 628 ac
328 575 461 629 natalitiis
475 582 573 630 cuncta
588 577 766 647 operantibus
781 575 862 630 dein-

58 666 125 720 ceps
140 665 191 703 nec
205 648 293 721 gloria
308 648 425 704 debetur
437 650 534 705 virtuti
549 666 639 720 neque
652 651 774 706 malitiae
785 652 861 706 vitu·
882 719 885 726 ἦ

56 723 177 795 peratio;
208 740 263 778 non
282 724 451 796 generositas
471 741 522 778 nec
541 725 685 798 integritas
704 727 790 781 enimi
809 725 867 780 ali-·

57 798 200 870 quidesse
214 798 334 864 dicetur,
355 816 441 870 quum
452 800 561 853 animus
570 801 663 854 omnia
672 809 734 872 agat
743 801 859 856 invitus.

56 873 162 928 Deinde
173 881 219 928 aut
228 874 325 928 inanes
335 873 505 929 videbuntur
513 890 636 928 carceres
647 875 786 944 iudicum3
814 883 861 930 aut

57 948 209 1003 dicendum
223 950 288 1014 erit,
311 949 386 1019 quod
400 949 549 1004 tribunalia
567 949 671 1003 iniusta
690 958 764 1004 sunt.
805 949 859 1005 Cur

58 1024 147 1088 enim,
168 1041 283 1094 quaeso,
306 1025 440 1079 sententia
450 1024 546 1078 mortis
557 1022 665 1077 dicatur
674 1024 703 1078 in
714 1040 791 1088 eum,
808 1025 858 1094 qui
931 1026 935 1034 '

57 1116 113 1153 non
133 1116 217 1154 exse
237 1098 393 1170 delinquit?
427 1099 462 1152 Et
484 1097 622 1169 quomodo
640 1115 694 1152 non
712 1115 858 1170 perperam

57 1175 125 1228 mali
143 1173 265 1229 vinculis
286 1191 317 1228 ac
336 1173 493 1229 carceribus
517 1179 706 1236 coerceantur,
738 1189 825 1243 quum
844 1191 859 1226 a

58 1249 127 1312 lato,
144 1249 265 1320 pessimo
274 1250 416 1322 principe,
431 1247 551 1303 subiecti
562 1247 665 1302 luerint
675 1247 796 1302 vincellis
810 1263 859 1300 ne-

57 1322 213 1381 cessitatis‘l

115 1419 159 1470 83.
189 1414 267 1481 Quod
286 1417 311 1470 si
331 1415 537 1470 malefactorum
556 1414 691 1469 malitiam
716 1414 858 1470 destrucre

56 1490 166 1546 iudices
175 1507 224 1563 per
233 1492 358 1546 timorem
368 1500 497 1563 possunt,
520 1507 574 1546 non
590 1507 654 1564 ergo
665 1490 789 1550 natalitia
799 1490 859 1545 sin·

55 1568 133 1641 gulis
142 1567 288 1638 imperant.
326 1569 396 1622 Nam
409 1568 519 1622 scelesti
535 1567 615 1621 veriti
629 1565 776 1630 tormenta,
799 1583 859 1621 mo·

56 1645 164 1697 destam
174 1659 206 1697 ac
213 1651 338 1713 pacatam
348 1643 455 1715 eligunt
464 1641 521 1696 sibi
532 1642 631 1707 vitam,
643 1642 812 1714 trepidantes
824 1658 860 1697 ex

56 1726 133 1772 metu
143 1718 238 1773 mortis
249 1720 334 1772 autin
346 1717 452 1773 deserta
462 1717 521 1772 loca
533 1714 569 1791 [³¹⁶]
582 1716 767 1791 demigrantes
777 1717 859 1773 ober-

55 1800 131 1856 rant,
153 1792 293 1863 siquidem
308 1793 412 1847 melum
426 1791 515 1847 iacere
528 1792 606 1847 iuxta
620 1794 755 1865 impetum
768 1801 858 1848 motus

55 1868 163 1941 proprii
178 1868 269 1922 adhuc
279 1868 389 1923 volunt:
420 1885 451 1922 ac
465 1875 527 1922 utut
542 1868 592 1932 sit,
614 1870 788 1924 vexationem
802 1876 858 1924 tor·-

54 1951 212 1997 mentorum
231 1944 358 1998 timentes
380 1942 452 1997 mala
470 1942 627 1997 abhorrent.
679 1944 762 1999 Datur
783 1944 855 1998 enim

55 2020 85 2072 in
108 2019 148 2071 eis
164 2017 283 2072 liberum
298 2018 442 2073 arbitrium
457 2034 489 2073 eo
504 2017 677 2083 declinandi,
699 2034 754 2095 quo
769 2034 858 2072 unus·
895 2021 902 2041 ¹

55 2093 178 2164 quisque
188 2093 266 2147 velit.
305 2093 439 2159 Quoniam
455 2092 591 2147 libertatis
602 2102 699 2148 natura
710 2092 855 2156 adomnia,

55 2184 129 2239 quae
139 2167 195 2221 sibi
205 2168 314 2240 placent
324 2167 444 2241 agenda,
461 2166 589 2240 expedita
600 2175 650 2222 est.

113 2260 156 2314 st.
181 2260 277 2314 Nonne
291 2270 318 2315 et
330 2261 425 2315 ludaei
439 2260 529 2334 legem
540 2257 759 2313 circumcisionis
770 2257 857 2312 libero

55 2334 171 2389 arbitrio
180 2335 336 2407 elegerunt,
349 2351 433 2407 quam
443 2352 580 2407 nusquam
590 2334 735 2396 dimisere,
748 2331 797 2386 sed
807 2349 858 2404 po-

54 2410 112 2464 tius
121 2426 173 2480 per
181 2411 384 2465 successionem
393 2412 509 2483 posteris
520 2410 579 2464 suis
589 2407 754 2481 praebuere,
776 2406 814 2461 ita
827 2416 858 2462 ut
883 2410 885 2414 ’

55 2502 108 2539 nec
120 2485 245 2540 natalitia
255 2503 345 2558 neque
355 2487 575 2542 constellationes
585 2482 724 2556 potuerint
735 2498 794 2535 eam
804 2482 858 2536 tol-

107 2624 129 2672 *)
145 2625 206 2665 Arm.
220 2629 253 2665 est
266 2629 366 2675 mles,
385 2628 421 2667 Gr.
437 2622 528 2676 ἀξίωμα,
547 2626 604 2675 qnod
616 2624 682 2665 variis
695 2622 774 2682 gaudet
791 2624 857 2683 signi·

54 2676 218 2768 ggglonqbquq·
232 2677 268 2716 hic
289 2689 340 2718 vero
362 2683 395 2719 est
416 2681 453 2717 aut
474 2678 587 2717 auctoritas
609 2680 646 2715 aut
668 2676 782 2714 muscatae
804 2684 857 2713 run-
