2050 3100
171 287 217 339 420
394 290 578 335 emporus
601 289 740 336 lunam
871 284 902 350 [1,
912 282 966 349 idi]

167 390 410 465 possitforroarti's
419 389 571 445 secundum
582 387 690 453 locum?
714 389 867 461 Siquidem
877 408 966 447 omnes

167 470 327 540 quicunque
341 465 415 521 haud
429 466 567 521 incuriose
581 481 671 535 nequo
681 464 742 519 sine
752 464 907 538 diligentia
916 468 965 521 im

168 561 182 597 a
198 544 340 599 iuventute
354 557 466 613 operum
480 540 547 595 huic
561 541 612 596 arti
626 538 762 594 dederunt
780 548 870 613 atqim
890 558 965 597 accu-

167 628 225 673 rato
233 617 264 671 id
273 617 372 671 imitati
383 624 459 680 sunt,
480 616 604 687 superati
617 614 719 669 abiere.
758 614 886 671 Sumens
896 618 964 671 enim

166 690 284 763 (aranea)
294 689 370 745 velut
380 691 471 745 lanam
480 692 623 745 materiam
633 706 686 743 non
696 688 868 755 laboratam,
891 693 964 763 inge-

166 767 244 820 niosa
266 766 402 835 sapientia
420 764 647 823 artificiosissime
664 772 807 835 operatur:
844 766 964 837 primum

165 839 255 894 nendo
265 840 455 895 instrumentis
464 840 598 911 propriis,
615 839 695 910 quasi
705 838 837 893 manibus
848 840 964 912 quihus

166 914 238 978 dam,
251 912 447 982 subtilissime3
469 913 570 969 deinde
580 914 626 967 fite
636 912 772 985 quaedam
783 913 903 980 directe,
916 916 965 969 alia

167 1006 230 1044 vero
243 988 356 1061 oblique
370 989 524 1053 deducens,
546 990 649 1061 optime
658 989 774 1042 stamine
785 990 877 1044 nectit
885 994 966 1045 texit·

165 1081 233 1136 quo,
246 1065 315 1119 miro
324 1063 405 1118 modo
415 1063 538 1118 coniecta
550 1072 630 1135 atque
641 1071 697 1117 arte
706 1063 916 1133 pulcherrima,
934 1066 966 1118 ita

165 1149 195 1195 ut
209 1141 278 1194 aeris
292 1147 416 1193 texturae
429 1138 560 1194 subtilem
570 1139 690 1193 lahorem
701 1138 860 1193 assimilare
870 1140 966 1195 videe-

164 1225 222 1282 tur;
253 1223 335 1286 atque
348 1210 504 1268 firmitatem
517 1214 710 1286 perdurantem
725 1212 883 1284 dupliciter
890 1216 966 1286 operi

165 1290 237 1345 indit
246 1290 341 1352 talem,
353 1289 464 1360 qualem
474 1290 613 1343 cernimus
624 1290 653 1342 in
663 1288 735 1361 lyra,
747 1304 818 1358 quac
830 1289 967 1345 duritiam

165 1364 329 1420 chordarum
348 1373 374 1418 et
388 1364 492 1436 figurae
505 1364 700 1418 rotunditatem
714 1378 780 1434 pree
795 1378 825 1417 so
843 1362 917 1429 tert,
939 1382 968 1419 eo

165 1440 240 1511 quod
258 1456 367 1511 semper
387 1438 463 1510 (tam)
481 1438 570 1511 figura
588 1437 703 1493 rotunda
721 1454 805 1509 quam
822 1448 921 1495 rectae
936 1440 968 1496 ti·
1005 1474 1006 1547 q

164 1533 232 1571 neae
249 1514 395 1570 diuturnae
414 1515 628 1585 comperiuntur.
667 1515 798 1586 Magnum
811 1523 912 1570 autom
927 1534 968 1572 ar·

164 1600 327 1662 gumentum
336 1592 400 1654 crit,
417 1589 491 1661 quod
502 1589 536 1643 ab
547 1589 675 1644 omnibus
685 1590 775 1643 ventis
788 1590 887 1661 iisque
895 1594 969 1647 ansi·

164 1665 219 1718 due
232 1666 353 1736 impulsa
367 1665 413 1719 flia
427 1664 544 1719 vixdum
558 1674 605 1720 aut
619 1678 769 1735 numquam
785 1679 909 1736 prorsus
931 1669 968 1722 ia·

164 1749 299 1794 seruntur.

221 1830 261 1880 t8.
286 1826 429 1882 Caeterum
443 1836 471 1882 ot
484 1826 561 1882 aliud
574 1827 604 1881 in
619 1843 716 1881 aranea
730 1828 856 1882 cernitur
865 1831 969 1885 mirifi-

163 1918 239 1956 cum:
271 1902 400 1972 quoniam
409 1902 535 1958 homiues
544 1902 707 1958 vestimento
717 1901 911 1969 elaborantes,
925 1907 968 1960 di·

163 1977 232 2030 visis
242 1977 314 2030 inter
322 1993 353 2029 sc
363 1975 518 2042 industriis,
530 1993 583 2032 non
593 1976 668 2032 idem
676 1977 967 2052 operariaggrediun-

162 2061 220 2115 tur,
231 2051 286 2106 -sed
295 2050 398 2122 quibus
409 2070 474 2108 cura
483 2051 567 2108 nendi
579 2060 632 2118 est,
647 2061 822 2116 contexunt,
834 2057 967 2126 quivero

163 2135 272 2191 texunt,
292 2144 347 2182 non
361 2137 436 2183 nent.
474 2127 525 2184 llla
538 2145 604 2182 vero
617 2125 809 2199 quaecumque
823 2133 909 2201 operi
927 2151 966 2186 re

163 2204 319 2274 quiremus,
330 2204 422 2257 omnia
431 2204 516 2258 simul
530 2199 566 2278 [Ἴ
579 2204 648 2258 inse
659 2201 876 2269 inclusahabet,
890 2208 965 2262 nulio

163 2279 246 2333 aitero
255 2287 416 2350 cooperante
426 2278 570 2350 indigens,
590 2276 639 2332 sed
650 2278 726 2334 velut
740 2277 897 2348 perfectior
907 2282 964 2353 (ho-

162 2354 246 2425 mine)
256 2353 366 2426 singula
376 2355 428 2408 ista
444 2370 532 2424 perse
547 2361 674 2424 praestat.
713 2349 747 2406 Et
760 2353 833 2423 quid
847 2357 962 2414 mirum.

162 2429 187 2482 si
197 2429 231 2482 ad
241 2427 458 2484 haecsuificiens
468 2429 647 2500 comperitur,
666 2444 752 2499 quum
762 2433 931 2498 etpotentia
944 2443 965 2484 et

163 2502 291 2558 sacrrltate
302 2504 415 2573 parsit.
436 2511 464 2557 et
477 2520 531 2558 non
547 2511 652 2558 tentum
667 2501 793 2565 artificis,
815 2502 963 2561 sedetiam
997 2541 998 2544 =

161 2577 335 2637 instrumenti
347 2578 374 2632 vi
384 2577 498 2646 polleat,
513 2578 620 2648 quippe
630 2594 700 2650 quae
710 2577 771 2648 ipsa
781 2585 824 2632 est
834 2585 898 2634 tam
912 2600 963 2637 ars.

160 2652 469 2716 quaminstrumentum‚
480 2668 536 2722 quo
545 2651 687 2723 peragitur
696 2668 766 2723 opus
776 2653 967 2710 universnm?

218 2741 256 2788 ⁴9.
278 2741 380 2794 Nautae
390 2741 460 2794 nihii
472 2750 557 2812 agunt
567 2742 628 2795 sine
637 2742 826 2814 gubernaculo
841 2755 894 2801 aut
905 2749 968 2802 reio

159 2815 205 2856 aut
224 2809 286 2861 aliis
306 2812 471 2869 adiumentis
492 2814 527 2869 ad
545 2814 725 2872 directionem
744 2826 847 2874 certam
870 2827 968 2877 navis.
