2050 3100
83 338 195 407 [u‚ttt.]
260 346 301 391 ru
321 345 647 392 curemusnauo
665 347 708 395 1v.
838 339 888 396 att

81 447 129 517 qui
150 445 355 500 firmamentum
375 445 458 500 babet
472 446 679 509 universorum,
701 463 823 518 veroque
837 448 887 502 do-

80 522 156 575 mino
175 521 292 591 plenum
311 519 403 575 reddit
423 520 597 592 spiritualem
619 536 717 592 agrum
739 522 884 577 virtutum.

80 595 194 667 Oportet
208 596 284 649 enim
299 596 464 667 utquisque
479 595 534 648 sibi
548 594 725 666 persuadeat,
748 597 823 667 quod
835 598 886 652 ubi

79 687 135 725 non
146 669 226 724 adest
241 670 324 735 deus,
346 668 592 742 imperfectum‘est
602 669 675 724 illud
684 672 797 746 omnino
807 679 834 727 et
845 671 886 728 ia-

79 745 134 800 cile
148 744 292 815 diripitur.

79 901 118 967 [²]
141 899 224 958 Quare
242 899 313 956 dicit:
345 901 419 964 „Det
438 903 482 952 tibi
499 903 605 952 minue
623 904 679 953 datu
698 904 728 952 do
746 922 801 954 rore
824 905 888 955 caeli

226 978 249 1018 et
267 969 296 1018 de
309 969 455 1034 piaquediae
474 972 594 1019 terroe“t
611 975 663 1035 (27,
685 972 740 1035 28.)

134 1073 197 1130 245.
233 1069 375 1142 Optimum
399 1072 455 1126 reci
477 1071 498 1125 it
523 1070 726 1128 benedictionis
746 1073 882 1138 ordinem,

75 1163 164 1218 quem
184 1145 320 1204 habuerat
338 1162 422 1200 secun
465 1163 492 1198 m
512 1144 588 1199 bunc
607 1146 700 1216 ipsum
722 1148 885 1219 prophetam

74 1221 178 1276 mundi
193 1221 306 1276 creatio.
344 1218 415 1285 Quia
430 1220 557 1274 ordinem
571 1217 649 1273 dedit
660 1220 783 1290 primum
797 1222 882 1285 caelo,

74 1293 345 1358 secundumterrae,
368 1293 586 1358 docerevolens,
607 1293 683 1363 quod
693 1295 795 1348 virtute
804 1313 885 1367 prae·

74 1371 170 1425 ditum
181 1369 260 1424 decet
270 1369 361 1440 primo
370 1369 500 1424 caelestia
510 1368 676 1439 divinaque,
698 1368 819 1424 secundo
834 1387 885 1423 au-

74 1455 133 1501 tem
153 1445 216 1500 loco
229 1453 337 1503 terrene
353 1451 435 1515 atque
449 1442 641 1514 corruptibilia
656 1443 811 1512 acquirere,
833 1445 885 1497 iis-

75 1537 133 1592 que
147 1535 253 1575 morem
267 1535 376 1591 gerere:
408 1536 472 1573 nam
487 1517 536 1574 illa
550 1518 640 1589 capita
654 1525 720 1573 sunt
733 1534 764 1572 ac
774 1519 884 1591 supari-

75 1613 138 1659 ora,
156 1595 301 1651 baecvero
311 1593 489 1671 fundamenta
500 1600 527 1648 et
538 1594 604 1649 ima.
637 1591 784 1664 Siquidem
794 1596 823 1649 in
832 1595 884 1650 bo-

75 1838 140 1907 ipsa
160 1834 278 1889 veritate
295 1832 411 1904 plenum
431 1848 528 1905 agrum
546 1832 685 1888 bonarum·
699 1834 833 1895 virbrtum
853 1835 883 1889 in

76 1909 161 1965 corde
171 1908 321 1980 operantis.
361 1908 414 1961 Res
425 1915 517 1961 autem
527 1908 620 1962 minue
629 1908 767 1979 perfectae
781 1917 846 1964 eunt
857 1916 884 1963 et

76 1982 244 2046 fluxidolae,
267 1998 338 2053 quae
348 1980 511 2055 elongantur
524 1983 666 2037 escientia
675 1982 731 2038 dei.

126 2154 221 2219 thut'd
237 2148 289 2205 uita
317 2154 419 2217 „Dabit
437 2155 481 2204 titi
497 2155 554 2204 deut
574 2155 675 2204 ‹ie-rore
692 2155 753 2206 coeli
769 2165 792 2205 et
808 2156 838 2204 dc

338 2222 483 2287 pinquedine
501 2226 620 2271 terroc‘ff

134 2342 196 2397 215.
236 2339 367 2395 Summae
391 2340 616 2396 benedictionum
641 2340 709 2397 ordo
736 2340 881 2412 processit.

76 2417 157 2477 Hunc
176 2413 253 2469 enim
273 2414 371 2472 babuit
389 2424 491 2470 statum
509 2416 592 2471 etiam
616 2424 740 2472 creatura
758 2412 883 2487 (creator)

77 2488 192 2552 mundi,
215 2488 312 2544 eodem
322 2491 383 2562 ipso
393 2489 517 2561 profectu
528 2489 701 2547 describente
714 2490 791 2544 datae
801 2503 882 2559 prae-

78 2564 219 2637 rogativas
230 2564 319 2633 coeio,
336 2564 458 2619 secunda
468 2573 606 2620 momenta
616 2566 732 2621 terrenis
742 2564 883 2615 instruen-

79 2638 126 2706 do;
159 2637 236 2709 quod
252 2639 467 2712 vigilantissimo
485 2640 614 2695 coelestia
632 2640 783 2710 pertinent,
805 2641 882 2704 post·

79 2712 193 2767 modum
203 2719 311 2767 terrena
321 2721 348 2769 et
358 2714 550 2786 corruptibilia
560 2713 664 2786 dignis.
704 2708 754 2762 Illa
767 2707 882 2777 quidem

79 2804 127 2858 pro
143 2788 235 2859 capite
250 2788 347 2843 baberi
361 2797 392 2843 ut
406 2806 540 2860 superna,
566 2790 635 2841 baec
651 2784 726 2838 basis
741 2790 767 2835 et
783 2781 882 2835 ultima

81 2863 163 2989 efidm
179 2860 210 2915 in
226 2860 366 2987 bplnliinem
380 2871 573 2935 compensatur
585 2872 723 2979 menzpro
734 2854 822 2919 0⁸0102
838 2870 883 2908 ¹³·

144 2951 229 2988 urbo
288 2939 308 2991 1.
