2050 3100
138 206 170 258 50
254 209 355 256 PHIL.
375 208 451 256 tun.
471 207 638 266 Quanam.
658 207 708 252 ET
728 207 812 254 ³012.
828 203 945 272 [mlh]
998 221 1009 262 [i

139 322 255 381 latitudo
264 322 508 395 profunditasque,
528 337 601 392 quaa
611 321 741 392 aequales
752 319 808 376 sibi
818 323 946 378 invicem
990 347 1019 394 :a

138 406 216 461 sunt,
250 414 300 469 per
321 399 443 469 palmum
465 404 593 452 octavum
616 395 786 451 indicantur.
839 399 944 463 Tertii),
988 421 1020 473 &tog

128 458 301 544 'compositio
314 474 405 528 octavi
420 472 605 544 homologiam
619 472 705 542 parit,
732 487 880 526 numerum
898 475 947 527 vi·
996 505 1020 542 ῃ

138 549 240 604 delicet
254 548 367 620 triginta
381 565 444 610 sex,
463 563 549 618 quem
566 545 751 619 homologiam
765 546 945 620 Pythagorici
1003 583 1020 625 r

140 622 327 694 appellarunt,
348 623 480 694 quoniam
493 623 524 676 in
541 622 602 692 ipso
620 621 743 693 primum
763 621 947 692 superaddita
992 668 1020 694 ,,

139 699 194 770 (sc.
205 696 336 770 imparia)
351 714 414 752 cum
427 696 542 768 paribus
554 704 753 752 convenerunt.
793 695 946 766 Siquidem
997 729 1005 765 3
1013 691 1021 764 ,ζ

139 780 257 844 quatuor
265 771 592 845 singillatimahunitate
602 768 780 842 superaddita
792 769 943 842 (Imperia),
1001 766 1021 846 fs

140 856 167 903 et
182 864 198 901 a
211 847 321 902 duobus
336 864 385 918 per
399 846 489 918 paria,
515 854 652 917 peragunt
666 845 739 899 illud
753 845 866 917 triginta
881 863 945 899 sex.

140 924 257 994 Imparia
268 929 360 976 autem
369 922 422 976 ista
432 929 509 974 sunt:
532 923 553 975 1.
567 922 612 974 III.
627 921 661 975 V.
675 921 736 984 VII,
757 935 829 990 quae
839 921 948 974 oonsti-
1001 970 1021 994 ¹„-

140 1005 222 1053 tuunt
236 997 311 1064 XVI;
334 998 410 1068 paria
423 1011 489 1050 vero
504 995 585 1050 haec:
607 996 640 1052 II.
655 996 700 1050 IV.
717 995 762 1050 VI.
777 995 848 1058 VIII,
868 1009 948 1064 qaae

141 1072 211 1126 liunt
224 1073 291 1139 XX;
318 1072 460 1126 ambarum
474 1071 568 1142 itaque
587 1071 748 1140 compositio
765 1068 873 1140 perlicit
893 1070 949 1124 tri·
1005 1071 1018 1147 g

141 1148 328 1220 glutinatam,
348 1147 510 1202 fertiliorem
520 1145 809 1218 prolootonumerum.
849 1141 948 1209 Quon-
999 1186 1022 1216 a·

140 1223 197 1277 iam
205 1222 480 1295 quadranguluseat,
502 1221 574 1276 latus
585 1217 689 1274 habens
700 1220 866 1282 sextarium,
885 1221 948 1290 pri·
1004 1204 1022 1300 J

141 1315 218 1352 mum
232 1315 283 1369 par
299 1299 403 1370 impar,
426 1296 504 1368 quod
520 1295 699 1350 veracissime
711 1294 829 1366 quidam
846 1303 949 1350 vocant
1009 1347 1023 1372 a]

142 1373 314 1428 harmoniam
327 1374 372 1427 vel
391 1371 611 1445 matrimonium,
637 1385 749 1441 quoquc
763 1385 831 1424 usus
846 1368 949 1423 condi-
1013 1371 1023 1434 j

142 1455 183 1502 tor
193 1447 524 1518 universcmmopemtus
534 1453 575 1500 est
585 1444 734 1509 muudum,
750 1445 822 1499 siout
832 1453 949 1499 sanctus
1009 1449 1022 1486 ἱ

142 1519 335 1591 mirabilisque
350 1520 420 1576 liber
435 1521 571 1579 Mosaicus
584 1518 677 1576 refert.
717 1519 831 1587 Quarto,
853 1521 949 1575 octavi
1019 1572 1024 1593 ,Α

142 1594 205 1649 idea
213 1595 288 1665 parit
297 1597 440 1667 sexagima
448 1605 577 1667 quacior,
588 1595 663 1669 quod
672 1604 715 1651 est
724 1596 832 1667 primus
843 1594 947 1660 cubus,
1022 1596 1024 1663 ζ

142 1686 254 1740 unaque
262 1668 500 1742 quadrangulum,
512 1680 595 1744 typus
605 1673 795 1743 incorpoream
808 1668 951 1742 InteIIIgi-
1019 1664 1024 1746 J

143 1744 210 1800 bilis
225 1743 437 1817 invisibilisque
453 1744 638 1805 substantiae,
665 1762 697 1800 ao
716 1761 876 1818 corporeae:
901 1748 950 1800 in·
1022 1746 1024 1817 ζ

144 1818 307 1889 corporalis,
321 1819 400 1875 iuxta
408 1819 632 1892 quadrangulum
643 1836 742 1892 parens
751 1820 947 1893 superficiem
1019 1816 1024 1821 ”

143 1893 292 1963 corporalis
309 1910 388 1958 vero,
414 1895 492 1949 quta
512 1895 618 1949 cubum
635 1904 768 1950 stomoma
787 1895 948 1966 perficiens.

142 1968 257 2035 Quinto,
278 1980 426 2041 cognatum
435 1978 477 2024 est
486 1986 597 2042 semper
607 1972 724 2043 uliginis
738 1978 859 2042 septem,
881 1986 951 2041 par-

143 2052 184 2097 tes
199 2043 274 2096 enim
291 2046 381 2098 octavi
399 2044 547 2117 perficiunt
563 2052 683 2115 septem,
709 2046 775 2115 quia
794 2044 950 2099 dimidium

144 2125 186 2172 est
202 2124 332 2188 quatuor,
355 2128 450 2190 quarta
469 2136 534 2190 pars
552 2119 620 2184 duo,
642 2127 738 2175 octava
753 2136 855 2183 unum,
875 2136 952 2191 quc-

143 2209 206 2246 rum
222 2210 330 2248 summa
347 2203 389 2249 est
404 2202 522 2265 septem.
562 2192 660 2258 Sexto,
684 2195 774 2249 octavi
793 2195 884 2248 virtus
905 2204 951 2249 est

143 2268 287 2340 sexaginta
308 2278 439 2341 quatuor,
475 2268 551 2339 quod
573 2268 693 2325 dicimus
716 2286 864 2331 numerum
887 2269 952 2339 pri-

143 2360 233 2408 mum,
246 2342 356 2410 ‚cubum
367 2362 398 2399 ao
407 2342 641 2415 quadrangulum.
682 2342 819 2415 Septimo,
835 2344 871 2397 ab
881 2344 952 2399 uni-

142 2426 196 2472 tate
211 2418 375 2491 singillatim
409 2435 439 2471 er
456 2417 581 2488 duplicia
599 2419 681 2483 haec,
705 2420 729 2473 1.
750 2420 784 2475 11.
807 2419 854 2475 IV.·
878 2418 949 2473 VIII.

146 2489 219 2547 XVI.
231 2492 345 2556 XXXII,
360 2436 513 2566 [*sconstat
523 2493 617 2549 lxlv.
646 2492 734 2548 Habet
744 2500 865 2548 caeteras
875 2496 952 2564 quc—

142 2583 198 2638 que
220 2570 368 2641 ampIIores
387 2568 502 2622 virtutes
522 2584 654 2623 numerus
674 2576 801 2632 octavus,
833 2567 868 2623 de
891 2584 951 2638 quo

143 2642 212 2697 alias
222 2644 360 2710 diximum
375 2643 512 2714 praesenti
526 2650 616 2697 tamen
627 2642 783 2712 quaestioni
795 2659 950 2716 congialem

145 2716 690 2788 rationemreddereIubetdependentem
700 2734 735 2771 ex
744 2717 800 2771 iam
810 2717 949 2773 laudatis.
