2050 3100
171 200 219 253 teo
417 202 537 247 enrno
554 199 725 246 rupertus
857 194 964 259 [nus]

170 314 223 369 est,
241 304 314 358 sicut
324 308 436 375 superat
445 300 578 357 citharam
589 300 745 363 citharista,
761 308 789 355 et
798 299 913 355 domum
926 320 968 356 er-

169 380 251 444 tiiex‚
275 386 302 433 et
316 378 461 450 navigium
475 384 571 441 nauta,
591 384 619 431 et
631 391 713 430 omne
724 376 795 430 artis
801 376 968 431 instrumen-

170 465 229 511 tum
244 451 306 517 ille,
328 454 377 525 q'ui
392 452 606 525 intelligentiam
620 450 828 505 adinventionis
840 452 882 505 rei
891 468 968 523 pree—

170 538 232 587 stat.
273 528 351 583 Sicut
366 528 441 581 enim
451 528 522 582 nihil
534 524 647 598 expedit
654 526 776 597 corpori,
793 526 820 579 si
830 527 969 581 metriceta

171 606 290 660 animam
301 621 355 657 non
364 602 478 666 habeat,
499 604 538 657 ita
552 618 644 673 neque
658 600 771 665 artifici,
791 602 849 655 nisi
859 620 969 658 moven-

170 691 225 735 tem
236 680 270 733 ed
282 686 367 733 artem
377 678 548 733 intellectum
563 676 706 748 receperit.
744 674 837 742 Quare
850 685 918 747 puto
931 676 968 731 le-

170 755 344 827 gislationem
356 752 421 827 (dei)
431 754 503 808 sicut
513 754 544 807 iu
552 752 730 824 navioptime
740 768 756 805 a
765 761 968 816 securisumus,

171 844 289 900 superne
304 830 497 885 universorum
512 827 720 883 moderatricem
733 826 967 899 supersedentem,

171 903 305 958 nruudum
328 904 403 959 hunc
422 902 456 958 ed
475 904 592 958 saiutem
610 903 785 975 singulorum
804 901 927 976 dirigere
945 912 969 957 et
1009 967 1010 970 Ἴ

171 980 290 1053 singulis
299 996 492 1052 quaecumque
500 979 607 1050 ubique
616 978 687 1042 sint,
701 977 808 1039 utiliter,
816 979 968 1037 consulere.

227 1111 252 1163 2.
276 1104 312 1179 [Ἴ
325 1105 378 1171 Qui
388 1123 452 1178 erge
466 1122 575 1161 omnem
590 1105 661 1177 regit
676 1104 830 1168 civitatem,
853 1102 969 1175 desuper
1009 1099 1011 1160 t

171 1182 243 1237 vidit
253 1183 282 1235 in
293 1198 406 1252 pravam
415 1182 503 1235 vitam
510 1181 642 1235 Ninivem
655 1187 880 1244 transmutatam,
901 1198 970 1251 quae
1009 1239 1011 1258 ι

171 1267 198 1311 et
217 1256 387 1328 principium
407 1255 521 1311 urbium
540 1254 608 1324 fuit;
646 1263 674 1309 et
691 1264 834 1325 tamquam
851 1257 970 1329 optimus
1009 1297 1010 1326 3

171 1332 298 1387 medicus
312 1330 448 1386 medelam
462 1330 558 1386 morbo
572 1330 693 1385 civitatis
712 1329 853 1402 quaesivit
873 1347 970 1401 oppor-
1009 1339 1010 1364 ¹

170 1417 280 1471 tunam,
297 1415 328 1461 ut
338 1404 516 1461 effluxionem
525 1405 675 1479 impediret
683 1404 773 1462 morbi
782 1406 971 1477 praeveniret-

171 1498 226 1552 que
240 1481 416 1536 adiuvamiue
429 1480 595 1554 periculum.
634 1481 797 1537 Remedium
812 1491 905 1535 autem
921 1482 971 1535 hu-

171 1557 324 1614 iuscemodi
340 1566 410 1623 erat,
432 1558 506 1630 quod
521 1559 604 1614 saluti
618 1559 781 1613 contrariam
799 1557 973 1630 praeferebat

172 1633 285 1701 iamem;
318 1635 413 1689 volens
427 1635 501 1688 euim
512 1634 619 1688 salvare
628 1650 794 1706 servareque
804 1651 881 1698 eam,
897 1635 975 1690 misit
1009 1686 1010 1689 ,

164 1703 333 1782 ¹prophetam
345 1709 517 1764 eversionem
531 1707 595 1764 urbi
608 1709 769 1765 minantem.
808 1710 897 1774 Bene,
914 1709 976 1765 exi-
1009 1742 1010 1759 r

171 1785 267 1850 stimo,
288 1792 315 1838 et
332 1783 421 1856 ipsam
435 1800 546 1855 quoque
559 1783 713 1838 medicinae
732 1792 818 1839 artem
837 1783 974 1840 docendo.
1009 1784 1010 1859 i

172 1860 250 1914 Siout
260 1861 289 1914 in
300 1858 352 1913 hec
362 1867 417 1913 arte
427 1858 590 1931 peritissimi
601 1858 707 1915 salvare
718 1868 841 1932 aegrotos
856 1861 976 1931 promit·
1009 1862 1010 1905 i

171 1944 273 2000 tentes,
296 1935 361 2006 igne
381 1943 407 1988 et
427 1949 497 2005 aqua
518 1942 617 2006 regunt
632 1935 810 2006 eriguntque:
842 1935 976 1989 similiter
1009 1932 1010 2001 ζ

172 2010 396 2081 sapientissimus
415 2009 477 2074 ille,
503 2009 579 2064 solus
599 2008 731 2074 salvator,
752 2009 977 2081 deperditionem

75 2139 77 2146 ,
172 2085 299 2140 indicens
310 2101 342 2138 eo
352 2085 474 2148 ruinam,
490 2084 708 2139 misericordiam
718 2086 854 2140 construit
863 2085 976 2140 salutis.
1009 2074 1010 2105 ¹

229 2213 254 2264 3.
281 2208 487 2280 Coeperetorem
502 2219 593 2266 autem
603 2211 687 2264 saluti
698 2227 791 2280 eornm
801 2211 917 2282 quaerit
926 2210 979 2265 hu·
1009 2214 1011 2275 ῗ

172 2285 246 2338 mani
262 2285 372 2356 generis
386 2284 592 2339 amantissimus
605 2285 746 2341 hominem
756 2301 843 2340 unum
854 2302 893 2341 ex
903 2285 980 2341 mul·
1009 2286 1010 2313 ³

172 2360 224 2422 tis,
240 2368 265 2412 et
279 2360 327 2428 qui
344 2377 416 2412 unus
432 2368 473 2413 est
483 2377 518 2414 cx
528 2360 577 2424 iis,
594 2361 752 2417 ministrum
762 2360 816 2416 sibi
828 2359 889 2416 fore
900 2361 980 2416 iudi·
1009 2370 1010 2413 l

172 2434 257 2486 cavit:
284 2449 338 2486 non
349 2434 429 2502 quasi
440 2451 505 2488 vero
517 2434 607 2489 future
616 2437 769 2508 ignorasset
777 2466 815 2476 -
823 2437 891 2507 quis
902 2438 981 2492 enim

172 2503 248 2557 dedit
263 2506 404 2575 prophetis
418 2507 581 2565 scientiam?
594 2539 631 2550 -
646 2510 696 2564 sed
706 2518 737 2565 ut
746 2509 905 2566 secundum
921 2527 981 2565 ma-
1009 2498 1010 2523 ¹

171 2578 214 2644 gis
235 2579 458 2648 quamprimum
477 2582 605 2637 mirabile
624 2583 731 2640 reddat.
771 2584 981 2640 commendans
1009 2600 1010 2631 1

172 2656 262 2698 autem
282 2652 308 2702 ei
326 2652 412 2704 solam
428 2654 582 2710 animarum
597 2658 729 2723 salutem,
750 2675 838 2732 quum
852 2662 983 2723 mitteret

172 2717 204 2766 ad
217 2720 332 2772 salutem
345 2723 486 2778 hominum
497 2728 650 2796 hominem,
668 2733 750 2788 illu-m
758 2735 886 2806 primum
896 2752 983 2790 sana-
