2050 3100
146 175 193 228 ΗΞ
263 180 359 226 PHIL.
378 180 455 227 IUD.
477 180 639 237 QuausT.
659 181 707 225 ΕΤ
726 181 804 243 SOL.
824 176 945 245 [nats]

144 280 178 334 ad
189 278 353 333 salvandum
363 296 393 333 se
402 278 433 333 id
443 288 571 351 usurpat,
591 297 671 335 suam
681 280 812 336 videlicet
822 298 946 337 sororem

143 354 217 425 apud
232 354 336 407 alienos
350 371 510 425 nuncupare
528 372 652 410 uxorem.
696 356 879 428 Quamobrem
895 359 948 429 qui

143 429 254 483 levitate
268 445 375 482 morum
389 429 493 483 similia
507 428 643 494 dixerint,
668 437 808 502 tamquam
822 430 946 503 pedibus

142 503 242 566 illotis,
266 503 345 557 vultu
361 511 463 558 mutato
478 511 505 558 at
519 521 549 558 re
566 512 689 575 peracta,
717 507 778 561 iure
794 506 948 578 reprehen-

143 576 228 632 dendi
242 585 319 632 sunt:
341 579 472 648 quoniam
487 580 655 650 nequierunt
669 581 789 653 cogitare
803 589 829 635 et
839 581 949 636 intelli-

142 668 221 725 gere,
246 646 322 723 qirod
340 669 419 707 nemo
437 662 479 708 est
495 661 552 709 tam
570 654 675 709 delirus
693 672 725 709 ac
741 655 855 711 demens
873 657 948 711 inter

142 724 277 798 iniusto*)
296 726 484 797 proficientes,
509 732 660 800 quominus
678 731 740 795 ille,
765 732 866 802 inquo
880 749 949 802 par-

144 801 226 855 iectio
237 801 316 865 insit,
337 804 419 873 quasi
432 803 501 858 velit
513 821 674 875 permanere
687 806 717 860 in
727 805 828 861 delicto
838 808 949 877 peccati

143 884 169 931 et
179 884 303 947 repetere
319 886 400 948 atque
414 878 553 943 celebrare
567 880 652 935 verbo
661 897 771 952 quoque
781 882 950 952 saepissimo

143 970 188 1015 ea,
210 968 282 1023 quae
301 952 344 1008 vel
360 954 445 1008 semel
459 954 565 1025 prolata
577 955 712 1028 pudorem
726 954 850 1011 aderunt.
890 956 950 1024 Ve-

54 1054 58 1063 «
143 1044 205 1080 rum
216 1026 302 1093 absit,
324 1035 355 1083 ut
365 1046 414 1084 nos
424 1030 487 1084 talis
499 1030 650 1103 impietatis
663 1031 797 1087 sententia
812 1030 947 1096 obtineat,

103 1146 105 1153 .
143 1109 173 1156 nt
188 1100 305 1176 indigna
318 1104 470 1176 cogitemus
485 1105 520 1159 de
534 1106 703 1177 patriarcha,
728 1114 805 1179 patre
819 1105 950 1177 duceque

143 1178 303 1250 principali.
330 1178 465 1245 Quoniam
476 1180 591 1236 honesta
602 1182 714 1237 omnino
723 1189 765 1235 est
775 1183 951 1252 impraesen-

143 1254 244 1307 tiarum
261 1254 348 1327 gloria
364 1272 399 1309 ex
410 1256 533 1328 ipsarum
544 1273 637 1310 rerum
647 1263 741 1311 natura
756 1256 859 1310 clarius
867 1258 947 1311 visa:

144 1327 284 1398 siquidem
295 1346 445 1402 generosus
459 1332 570 1387 animus
580 1332 710 1387 virtutem
723 1348 843 1386 sororem
856 1332 951 1387 nomi-

145 1411 204 1466 nat,
221 1420 274 1458 non
289 1421 416 1467 uxorem,
432 1414 528 1460 utnon
540 1406 616 1460 solus
626 1423 737 1478 praeses
747 1406 875 1461 videatur
886 1406 951 1461 vei.-

143 1485 174 1530 ut
190 1478 284 1530 uxoris
298 1478 463 1554 sapientiae,
485 1478 536 1533 sed
549 1497 670 1554 soporem
683 1498 743 1535 eam
758 1498 882 1536 asserens
897 1481 951 1536 de·

143 1559 276 1605 monstret
289 1569 463 1612 communem
477 1570 538 1608 esse
553 1555 614 1610 cius
624 1557 720 1616 ,zelum
738 1567 819 1629 atque
834 1557 951 1612 deside-

143 1627 216 1679 rium
237 1625 311 1696 apud
326 1643 434 1690 omnes,
457 1629 506 1697 qui
525 1632 640 1701 genuini
658 1631 810 1705 fidelesque
827 1632 951 1696 studiosi

143 1708 208 1755 sunt
219 1699 364 1771 probitatis
375 1702 504 1776 optimae.

189 1857 226 1920 [⁸⁸]
259 1854 323 1913 outa
339 1867 373 1907 ea
390 1857 486 1921 „Mar
504 1862 700 1916 astrenciam
720 1853 860 1918 eseam
878 1876 902 1923 a

392 1926 445 1976 tabit
465 1927 608 1981 Sanam
634 1935 716 1995 (in),
769 1989 774 1998 ,
847 1994 853 2004 Ι

200 2027 242 2077 ot,
282 2025 476 2084 Praetermissa
496 2030 692 2089 nonnullorum
716 2038 864 2102 sententia,
896 2039 951 2108 qui

144 2106 286 2152 autumant
304 2102 457 2171 sapientem
476 2106 636 2163 traditorem
655 2109 742 2166 fuisse
760 2113 830 2186 legis
849 2117 952 2166 matri-

143 2173 243 2236 monii,
265 2189 352 2244 quum
371 2195 420 2232 rex
435 2180 598 2237 immundus
612 2192 640 2238 et
654 2185 790 2251 lascivus,
816 2187 852 2242 ob
866 2203 950 2241 suam

143 2247 283 2301 luxuriem
294 2249 439 2307 effraenem
454 2256 551 2311 volens
566 2258 657 2330 legem
667 2261 702 2315 a'd
711 2262 872 2333 peregrinos
881 2277 953 2330 per-

142 2322 275 2377 tinentem
290 2329 483 2396 pessumdare,
505 2332 571 2386 tuiit
587 2351 702 2390 uxorem
720 2337 847 2399 alterius,
873 2334 951 2389 dioi-

142 2413 204 2451 mus
214 2401 404 2467 quaestionem
415 2421 476 2459 esse
485 2406 520 2460 de
531 2408 642 2472 virtute,
654 2411 735 2464 cuius
745 2427 850 2474 omnes,
862 2410 950 2464 etiam

142 2472 221 2542 pravi
234 2479 260 2527 et
270 2474 346 2539 mali,
358 2479 573 2547 praesidentiam
584 2500 614 2536 se
623 2492 715 2539 tenere
726 2485 863 2547 dictitant,
875 2500 951 2554 qua-

140 2552 221 2602 tenus
240 2546 275 2601 ad
294 2549 372 2622 vulgi
392 2555 561 2624 opinionem.
607 2556 683 2611 Alias
700 2560 783 2628 pauci
800 2567 866 2613 sunt
884 2575 950 2614 eam

141 2661 352 2676 ——-—·-—-

193 2721 214 2766 ·)
227 2721 322 2764 Verbum
332 2725 362 2764 sie
372 2729 440 2775 sonat,
451 2728 489 2768 sed
496 2727 569 2766 malim
578 2728 708 2775 munirem:
721 2732 848 2779 impetrem.
862 2729 950 2772 Auen.
