<?xml version="1.0" encoding="UTF-8"?>
<!DOCTYPE html PUBLIC "-//W3C//DTD XHTML 1.0 Transitional//EN"
    "http://www.w3.org/TR/xhtml1/DTD/xhtml1-transitional.dtd">
<html xmlns="http://www.w3.org/1999/xhtml" xml:lang="en" lang="en">
 <head>
  <title>
</title>
<meta http-equiv="Content-Type" content="text/html;charset=utf-8" />
  <meta name='ocr-system' content='tesseract 3.04.00' />
  <meta name='ocr-capabilities' content='ocr_page ocr_carea ocr_par ocr_line ocrx_word'/>
</head>
<body>
  <div class='ocr_page' id='page_1' title='image "./operaomniaadlib02philgoog/operaomniaadlib02philgoog_0589.png"; bbox 0 0 2050 3100; ppageno 0'>
   <div class='ocr_carea' id='block_1_1' title="bbox 179 261 973 343">
    <p class='ocr_par' dir='ltr' id='par_1_1' title="bbox 179 261 973 343">
     <span class='ocr_line' id='line_1_1' title="bbox 179 261 973 343; baseline -0.009 -9"><span class='ocrx_word' id='word_1_1' title='bbox 179 283 227 334; x_wconf 81' lang='lat' dir='ltr'>tte</span> <span class='ocrx_word' id='word_1_2' title='bbox 350 261 743 332; x_wconf 80' lang='lat' dir='ltr'>&#39;rmnouiaiuunni</span> <span class='ocrx_word' id='word_1_3' title='bbox 873 275 973 343; x_wconf 55' lang='grc' dir='ltr'>[μη]</span> 
     </span>
    </p>
   </div>
   <div class='ocr_carea' id='block_1_2' title="bbox 174 382 973 611">
    <p class='ocr_par' dir='ltr' id='par_1_2' title="bbox 174 382 973 611">
     <span class='ocr_line' id='line_1_2' title="bbox 231 382 973 459; baseline -0.008 -17"><span class='ocrx_word' id='word_1_4' title='bbox 231 392 257 442; x_wconf 83' lang='grc'>9.</span> <span class='ocrx_word' id='word_1_5' title='bbox 281 386 367 442; x_wconf 88' lang='lat' dir='ltr'>Servo</span> <span class='ocrx_word' id='word_1_6' title='bbox 386 388 480 459; x_wconf 89' lang='lat' dir='ltr'>itaquo</span> <span class='ocrx_word' id='word_1_7' title='bbox 497 384 629 457; x_wconf 62' lang='lat' dir='ltr'>wedam,</span> <span class='ocrx_word' id='word_1_8' title='bbox 656 384 706 455; x_wconf 92' lang='lat' dir='ltr'>qui</span> <span class='ocrx_word' id='word_1_9' title='bbox 726 382 837 437; x_wconf 85' lang='lat' dir='ltr'><strong>ibidem</strong></span> <span class='ocrx_word' id='word_1_10' title='bbox 856 383 973 438; x_wconf 78' lang='lat' dir='ltr'>stabula</span> 
     </span>
     <span class='ocr_line' id='line_1_3' title="bbox 174 458 972 537; baseline -0.009 -19"><span class='ocrx_word' id='word_1_11' title='bbox 174 472 252 537; x_wconf 84' lang='lat' dir='ltr'>tergo</span> <span class='ocrx_word' id='word_1_12' title='bbox 262 462 336 518; x_wconf 92' lang='lat' dir='ltr'>haud</span> <span class='ocrx_word' id='word_1_13' title='bbox 345 462 455 533; x_wconf 91' lang='lat' dir='ltr'>procul,</span> <span class='ocrx_word' id='word_1_14' title='bbox 471 461 575 517; x_wconf 89' lang='lat' dir='ltr'>librum</span> <span class='ocrx_word' id='word_1_15' title='bbox 588 460 758 531; x_wconf 77' lang='lat' dir='ltr'>porrigente,</span> <span class='ocrx_word' id='word_1_16' title='bbox 780 468 930 531; x_wconf 87' lang='lat' dir='ltr'>acceptum</span> <span class='ocrx_word' id='word_1_17' title='bbox 939 458 972 512; x_wconf 77' lang='lat' dir='ltr'>lr-</span> 
     </span>
     <span class='ocr_line' id='line_1_4' title="bbox 175 536 387 611; baseline -0.024 -16"><span class='ocrx_word' id='word_1_18' title='bbox 175 538 258 611; x_wconf 77' lang='lat' dir='ltr'>gebat</span> <span class='ocrx_word' id='word_1_19' title='bbox 267 536 387 609; x_wconf 84' lang='lat' dir='ltr'>Philo*).</span> 
     </span>
    </p>
   </div>
   <div class='ocr_carea' id='block_1_3' title="bbox 176 688 971 822">
    <p class='ocr_par' dir='ltr' id='par_1_3' title="bbox 176 688 971 822">
     <span class='ocr_line' id='line_1_5' title="bbox 176 688 971 759; baseline -0.008 -14"><span class='ocrx_word' id='word_1_20' title='bbox 176 692 322 759; x_wconf 81' lang='lat' dir='ltr'>(SERMO</span> <span class='ocrx_word' id='word_1_21' title='bbox 334 690 570 743; x_wconf 79' lang='lat' dir='ltr'>ALEXANDRI</span> <span class='ocrx_word' id='word_1_22' title='bbox 580 690 631 741; x_wconf 78' lang='lat' dir='ltr'>Du</span> <span class='ocrx_word' id='word_1_23' title='bbox 644 688 810 741; x_wconf 77' lang='lat' dir='ltr'><strong>PROBAN</strong></span> <span class='ocrx_word' id='word_1_24' title='bbox 816 690 876 740; x_wconf 84' lang='lat' dir='ltr'>DA</span> <span class='ocrx_word' id='word_1_25' title='bbox 893 688 971 741; x_wconf 81' lang='lat' dir='ltr'>BRU-</span> 
     </span>
     <span class='ocr_line' id='line_1_6' title="bbox 267 756 886 822; baseline -0.005 -12"><span class='ocrx_word' id='word_1_26' title='bbox 267 759 403 810; x_wconf 81' lang='lat' dir='ltr'>TORUM</span> <span class='ocrx_word' id='word_1_27' title='bbox 420 758 658 810; x_wconf 83' lang='lat' dir='ltr'>ANIMALIUM</span> <span class='ocrx_word' id='word_1_28' title='bbox 674 756 886 822; x_wconf 83' lang='lat' dir='ltr'>RATIONE.)</span> 
     </span>
    </p>
   </div>
   <div class='ocr_carea' id='block_1_4' title="bbox 172 859 999 1834">
    <p class='ocr_par' dir='ltr' id='par_1_4' title="bbox 172 859 999 1834">
     <span class='ocr_line' id='line_1_7' title="bbox 232 859 971 931; baseline -0.003 -18"><span class='ocrx_word' id='word_1_29' title='bbox 232 863 272 913; x_wconf 83' lang='lat' dir='ltr'>to.</span> <span class='ocrx_word' id='word_1_30' title='bbox 291 859 420 915; x_wconf 87' lang='lat' dir='ltr'>Patribus</span> <span class='ocrx_word' id='word_1_31' title='bbox 432 875 580 931; x_wconf 89' lang='lat' dir='ltr'>puerorum</span> <span class='ocrx_word' id='word_1_32' title='bbox 594 860 727 913; x_wconf 87' lang='lat' dir='ltr'>iuvenum</span> <span class='ocrx_word' id='word_1_33' title='bbox 742 867 770 913; x_wconf 89' lang='lat' dir='ltr'>et</span> <span class='ocrx_word' id='word_1_34' title='bbox 779 860 925 915; x_wconf 88' lang='lat' dir='ltr'>tutoribus</span> <span class='ocrx_word' id='word_1_35' title='bbox 934 876 971 913; x_wconf 87' lang='lat' dir='ltr'>or·</span> 
     </span>
     <span class='ocr_line' id='line_1_8' title="bbox 173 935 971 1008; baseline -0.003 -19"><span class='ocrx_word' id='word_1_36' title='bbox 173 935 327 1008; x_wconf 89' lang='lat' dir='ltr'>phanorum</span> <span class='ocrx_word' id='word_1_37' title='bbox 337 936 491 1005; x_wconf 89' lang='lat' dir='ltr'>procuratio</span> <span class='ocrx_word' id='word_1_38' title='bbox 501 935 624 1005; x_wconf 83' lang='lat' dir='ltr'>virisque</span> <span class='ocrx_word' id='word_1_39' title='bbox 634 948 825 988; x_wconf 85' lang='lat' dir='ltr'>uxorumcura</span> <span class='ocrx_word' id='word_1_40' title='bbox 835 951 971 989; x_wconf 88' lang='lat' dir='ltr'>commeo-</span> 
     </span>
     <span class='ocr_line' id='line_1_9' title="bbox 177 1008 970 1081; baseline -0.005 -18"><span class='ocrx_word' id='word_1_41' title='bbox 177 1009 239 1063; x_wconf 89' lang='lat' dir='ltr'>data</span> <span class='ocrx_word' id='word_1_42' title='bbox 251 1009 337 1064; x_wconf 82' lang='lat' dir='ltr'>estad</span> <span class='ocrx_word' id='word_1_43' title='bbox 351 1008 536 1081; x_wconf 84' lang='lat' dir='ltr'>supplendam</span> <span class='ocrx_word' id='word_1_44' title='bbox 546 1016 657 1064; x_wconf 90' lang='lat' dir='ltr'>naturae</span> <span class='ocrx_word' id='word_1_45' title='bbox 668 1008 873 1079; x_wconf 78' lang='lat' dir='ltr'>indigentiam,</span> <span class='ocrx_word' id='word_1_46' title='bbox 897 1011 934 1064; x_wconf 87' lang='lat' dir='ltr'>ita</span> <span class='ocrx_word' id='word_1_47' title='bbox 947 1018 970 1060; x_wconf 87' lang='lat' dir='ltr'>ut</span> 
     </span>
     <span class='ocr_line' id='line_1_10' title="bbox 174 1082 970 1156; baseline -0.005 -18"><span class='ocrx_word' id='word_1_48' title='bbox 174 1086 224 1156; x_wconf 91' lang='lat' dir='ltr'>qui</span> <span class='ocrx_word' id='word_1_49' title='bbox 239 1084 371 1139; x_wconf 88' lang='lat' dir='ltr'>&#39;adiuvare</span> <span class='ocrx_word' id='word_1_50' title='bbox 384 1093 513 1156; x_wconf 79' lang='lat' dir='ltr'>possunt,</span> <span class='ocrx_word' id='word_1_51' title='bbox 533 1098 586 1137; x_wconf 89' lang='lat' dir='ltr'>non</span> <span class='ocrx_word' id='word_1_52' title='bbox 602 1082 754 1155; x_wconf 80' lang='lat' dir='ltr'>negligant.</span> <span class='ocrx_word' id='word_1_53' title='bbox 795 1082 970 1155; x_wconf 82' lang='lat' dir='ltr'>Consequens</span> 
     </span>
     <span class='ocr_line' id='line_1_11' title="bbox 173 1158 972 1232; baseline -0.004 -19"><span class='ocrx_word' id='word_1_54' title='bbox 173 1161 267 1232; x_wconf 89' lang='lat' dir='ltr'>itaque</span> <span class='ocrx_word' id='word_1_55' title='bbox 276 1161 337 1224; x_wconf 89' lang='lat' dir='ltr'>erit,</span> <span class='ocrx_word' id='word_1_56' title='bbox 344 1167 375 1214; x_wconf 92' lang='lat' dir='ltr'>ut</span> <span class='ocrx_word' id='word_1_57' title='bbox 383 1167 439 1214; x_wconf 89' lang='lat' dir='ltr'>tam</span> <span class='ocrx_word' id='word_1_58' title='bbox 448 1158 574 1213; x_wconf 89' lang='lat' dir='ltr'>homines</span> <span class='ocrx_word' id='word_1_59' title='bbox 583 1158 763 1230; x_wconf 91' lang='lat' dir='ltr'>quamomnia</span> <span class='ocrx_word' id='word_1_60' title='bbox 774 1159 972 1221; x_wconf 75' lang='lat' dir='ltr'>animantiam</span> 
     </span>
     <span class='ocr_line' id='line_1_12' title="bbox 173 1231 971 1299; baseline -0.008 -10"><span class='ocrx_word' id='word_1_61' title='bbox 173 1235 258 1290; x_wconf 92' lang='lat' dir='ltr'>simul</span> <span class='ocrx_word' id='word_1_62' title='bbox 273 1234 376 1299; x_wconf 90' lang='lat' dir='ltr'>dicam,</span> <span class='ocrx_word' id='word_1_63' title='bbox 397 1233 515 1289; x_wconf 87' lang='lat' dir='ltr'>debeant</span> <span class='ocrx_word' id='word_1_64' title='bbox 528 1242 651 1288; x_wconf 88' lang='lat' dir='ltr'>mutuam</span> <span class='ocrx_word' id='word_1_65' title='bbox 662 1231 773 1287; x_wconf 86' lang='lat' dir='ltr'>reficere</span> <span class='ocrx_word' id='word_1_66' title='bbox 788 1232 971 1289; x_wconf 84' lang='lat' dir='ltr'>debilitatem.</span> 
     </span>
     <span class='ocr_line' id='line_1_13' title="bbox 173 1306 972 1382; baseline -0.006 -17"><span class='ocrx_word' id='word_1_67' title='bbox 173 1310 234 1365; x_wconf 90' lang='lat' dir='ltr'>Non</span> <span class='ocrx_word' id='word_1_68' title='bbox 248 1311 344 1382; x_wconf 82' lang='lat' dir='ltr'>ignoro</span> <span class='ocrx_word' id='word_1_69' title='bbox 358 1317 449 1364; x_wconf 89' lang='lat' dir='ltr'>tamen</span> <span class='ocrx_word' id='word_1_70' title='bbox 463 1310 601 1380; x_wconf 73' lang='grc' dir='ltr'><strong><em>φιλαυτίαν</em></strong></span> <span class='ocrx_word' id='word_1_71' title='bbox 616 1308 745 1380; x_wconf 86' lang='lat' dir='ltr'>(amorem</span> <span class='ocrx_word' id='word_1_72' title='bbox 756 1306 813 1380; x_wconf 84' lang='lat' dir='ltr'>sui)</span> <span class='ocrx_word' id='word_1_73' title='bbox 828 1324 972 1363; x_wconf 90' lang='lat' dir='ltr'>commune</span> 
     </span>
     <span class='ocr_line' id='line_1_14' title="bbox 174 1382 974 1455; baseline -0.001 -17"><span class='ocrx_word' id='word_1_74' title='bbox 174 1402 235 1439; x_wconf 89' lang='lat' dir='ltr'>esse</span> <span class='ocrx_word' id='word_1_75' title='bbox 246 1385 362 1448; x_wconf 88' lang='lat' dir='ltr'>malum,</span> <span class='ocrx_word' id='word_1_76' title='bbox 375 1383 602 1455; x_wconf 87' lang='lat' dir='ltr'>obstaculumque</span> <span class='ocrx_word' id='word_1_77' title='bbox 614 1383 727 1438; x_wconf 87' lang='lat' dir='ltr'>luminis</span> <span class='ocrx_word' id='word_1_78' title='bbox 737 1382 872 1454; x_wconf 85' lang='lat' dir='ltr'>requisiti</span> <span class='ocrx_word' id='word_1_79' title='bbox 883 1382 919 1439; x_wconf 90' lang='lat' dir='ltr'>ad</span> <span class='ocrx_word' id='word_1_80' title='bbox 929 1400 974 1437; x_wconf 92' lang='lat' dir='ltr'>no-</span> 
     </span>
     <span class='ocr_line' id='line_1_15' title="bbox 172 1456 974 1530; baseline -0.002 -17"><span class='ocrx_word' id='word_1_81' title='bbox 172 1460 262 1515; x_wconf 91' lang='lat' dir='ltr'>titiam</span> <span class='ocrx_word' id='word_1_82' title='bbox 278 1460 412 1523; x_wconf 86' lang='lat' dir='ltr'>veritatis,</span> <span class='ocrx_word' id='word_1_83' title='bbox 445 1467 585 1530; x_wconf 90' lang='lat' dir='ltr'>tamquam</span> <span class='ocrx_word' id='word_1_84' title='bbox 603 1459 631 1511; x_wconf 93' lang='lat' dir='ltr'>in</span> <span class='ocrx_word' id='word_1_85' title='bbox 646 1474 728 1512; x_wconf 90' lang='lat' dir='ltr'>cavea</span> <span class='ocrx_word' id='word_1_86' title='bbox 751 1456 827 1511; x_wconf 90' lang='lat' dir='ltr'>intus</span> <span class='ocrx_word' id='word_1_87' title='bbox 848 1458 974 1513; x_wconf 89' lang='lat' dir='ltr'>insidens</span> 
     </span>
     <span class='ocr_line' id='line_1_16' title="bbox 175 1531 999 1605; baseline 0.001 -17"><span class='ocrx_word' id='word_1_88' title='bbox 175 1543 202 1589; x_wconf 92' lang='lat' dir='ltr'>et</span> <span class='ocrx_word' id='word_1_89' title='bbox 221 1535 387 1591; x_wconf 82' lang='lat' dir='ltr'>abscindens</span> <span class='ocrx_word' id='word_1_90' title='bbox 407 1532 442 1590; x_wconf 91' lang='lat' dir='ltr'>ab</span> <span class='ocrx_word' id='word_1_91' title='bbox 462 1534 553 1589; x_wconf 90' lang='lat' dir='ltr'>anima</span> <span class='ocrx_word' id='word_1_92' title='bbox 574 1534 760 1605; x_wconf 83' lang='lat' dir='ltr'>principatum</span> <span class='ocrx_word' id='word_1_93' title='bbox 780 1531 974 1589; x_wconf 84' lang='lat' dir='ltr'>directorium.</span> <span class='ocrx_word' id='word_1_94' title='bbox 998 1555 999 1558; x_wconf 46' lang='lat'>¹</span> 
     </span>
     <span class='ocr_line' id='line_1_17' title="bbox 173 1607 975 1683; baseline 0.001 -20"><span class='ocrx_word' id='word_1_95' title='bbox 173 1609 275 1664; x_wconf 87' lang='lat' dir='ltr'>Verum</span> <span class='ocrx_word' id='word_1_96' title='bbox 284 1613 453 1681; x_wconf 84' lang='lat' dir='ltr'>quicumque</span> <span class='ocrx_word' id='word_1_97' title='bbox 463 1610 560 1664; x_wconf 91' lang='lat' dir='ltr'>uolunt</span> <span class='ocrx_word' id='word_1_98' title='bbox 569 1617 678 1681; x_wconf 82' lang='lat' dir='ltr'>gustare</span> <span class='ocrx_word' id='word_1_99' title='bbox 688 1607 883 1678; x_wconf 79' lang='lat' dir='ltr'>disciplinam,</span> <span class='ocrx_word' id='word_1_100' title='bbox 896 1626 975 1683; x_wconf 83' lang='lat' dir='ltr'>aegre</span> 
     </span>
     <span class='ocr_line' id='line_1_18' title="bbox 173 1682 976 1757; baseline 0.002 -21"><span class='ocrx_word' id='word_1_101' title='bbox 173 1682 264 1738; x_wconf 84' lang='lat' dir='ltr'>ierunt</span> <span class='ocrx_word' id='word_1_102' title='bbox 273 1685 422 1739; x_wconf 88' lang='lat' dir='ltr'>orationem</span> <span class='ocrx_word' id='word_1_103' title='bbox 435 1693 619 1757; x_wconf 85' lang='lat' dir='ltr'>praesentem,</span> <span class='ocrx_word' id='word_1_104' title='bbox 630 1691 835 1756; x_wconf 82' lang='lat' dir='ltr'>gravanturque</span> <span class='ocrx_word' id='word_1_105' title='bbox 851 1683 909 1740; x_wconf 90' lang='lat' dir='ltr'>hoc</span> <span class='ocrx_word' id='word_1_106' title='bbox 919 1702 976 1739; x_wconf 88' lang='lat' dir='ltr'>ser-</span> 
     </span>
     <span class='ocr_line' id='line_1_19' title="bbox 173 1757 975 1834; baseline 0.005 -24"><span class='ocrx_word' id='word_1_107' title='bbox 173 1774 262 1811; x_wconf 90' lang='lat' dir='ltr'>mone.</span> <span class='ocrx_word' id='word_1_108' title='bbox 302 1759 355 1825; x_wconf 83' lang='lat' dir='ltr'>Qui</span> <span class='ocrx_word' id='word_1_109' title='bbox 370 1768 459 1814; x_wconf 91' lang='lat' dir='ltr'>tamen</span> <span class='ocrx_word' id='word_1_110' title='bbox 474 1759 585 1814; x_wconf 90' lang='lat' dir='ltr'>student</span> <span class='ocrx_word' id='word_1_111' title='bbox 595 1757 631 1834; x_wconf 88' lang='lat'>[*]</span> <span class='ocrx_word' id='word_1_112' title='bbox 644 1758 808 1830; x_wconf 86' lang='lat' dir='ltr'>sapientiae,</span> <span class='ocrx_word' id='word_1_113' title='bbox 830 1761 951 1833; x_wconf 81' lang='lat' dir='ltr'>purgati</span> <span class='ocrx_word' id='word_1_114' title='bbox 964 1778 975 1813; x_wconf 89' lang='lat' dir='ltr'>a</span> 
     </span>
    </p>
   </div>
   <div class='ocr_carea' id='block_1_5' title="bbox 171 1831 975 2052">
    <p class='ocr_par' dir='ltr' id='par_1_5' title="bbox 171 1831 997 2052">
     <span class='ocr_line' id='line_1_20' title="bbox 171 1831 975 1906; baseline 0.005 -21"><span class='ocrx_word' id='word_1_115' title='bbox 171 1833 241 1887; x_wconf 80' lang='lat' dir='ltr'>vitio</span> <span class='ocrx_word' id='word_1_116' title='bbox 251 1831 352 1888; x_wconf 89' lang='lat' dir='ltr'>clarius</span> <span class='ocrx_word' id='word_1_117' title='bbox 363 1842 490 1899; x_wconf 87' lang='lat' dir='ltr'>cernunt,</span> <span class='ocrx_word' id='word_1_118' title='bbox 503 1833 578 1906; x_wconf 92' lang='lat' dir='ltr'>quod</span> <span class='ocrx_word' id='word_1_119' title='bbox 587 1850 655 1905; x_wconf 88' lang='lat' dir='ltr'>pura</span> <span class='ocrx_word' id='word_1_120' title='bbox 665 1841 755 1888; x_wconf 87' lang='lat' dir='ltr'>mente</span> <span class='ocrx_word' id='word_1_121' title='bbox 765 1849 868 1904; x_wconf 89' lang='lat' dir='ltr'>puram</span> <span class='ocrx_word' id='word_1_122' title='bbox 879 1836 975 1906; x_wconf 89' lang='lat' dir='ltr'>sequi-</span> 
     </span>
     <span class='ocr_line' id='line_1_21' title="bbox 171 1907 974 1983; baseline 0.004 -24"><span class='ocrx_word' id='word_1_123' title='bbox 171 1922 234 1960; x_wconf 90' lang='lat' dir='ltr'>mur</span> <span class='ocrx_word' id='word_1_124' title='bbox 249 1909 403 1973; x_wconf 88' lang='lat' dir='ltr'>veritatem,</span> <span class='ocrx_word' id='word_1_125' title='bbox 427 1927 481 1980; x_wconf 88' lang='lat' dir='ltr'>qua</span> <span class='ocrx_word' id='word_1_126' title='bbox 498 1911 722 1980; x_wconf 87' lang='lat' dir='ltr'>praestantiorem</span> <span class='ocrx_word' id='word_1_127' title='bbox 736 1907 859 1962; x_wconf 89' lang='lat' dir='ltr'>humano</span> <span class='ocrx_word' id='word_1_128' title='bbox 878 1913 974 1983; x_wconf 79' lang='lat' dir='ltr'>generi</span> 
     </span>
     <span class='ocr_line' id='line_1_22' title="bbox 171 1983 698 2052; baseline 0.006 -18"><span class='ocrx_word' id='word_1_129' title='bbox 171 1983 373 2052; x_wconf 87' lang='lat' dir='ltr'>possessionem</span> <span class='ocrx_word' id='word_1_130' title='bbox 384 1984 488 2038; x_wconf 91' lang='lat' dir='ltr'>nullam</span> <span class='ocrx_word' id='word_1_131' title='bbox 498 1984 567 2039; x_wconf 88' lang='lat' dir='ltr'>deus</span> <span class='ocrx_word' id='word_1_132' title='bbox 577 1983 698 2038; x_wconf 87' lang='lat' dir='ltr'>donavit.</span> 
     </span>
    </p>
   </div>
   <div class='ocr_carea' id='block_1_6' title="bbox 171 2103 973 2610">
    <p class='ocr_par' dir='ltr' id='par_1_6' title="bbox 171 2103 973 2610">
     <span class='ocr_line' id='line_1_23' title="bbox 232 2103 973 2180; baseline 0.005 -23"><span class='ocrx_word' id='word_1_133' title='bbox 232 2107 272 2157; x_wconf 88' lang='lat' dir='ltr'>ll.</span> <span class='ocrx_word' id='word_1_134' title='bbox 292 2104 400 2159; x_wconf 86' lang='lat' dir='ltr'>Etenim</span> <span class='ocrx_word' id='word_1_135' title='bbox 413 2105 646 2177; x_wconf 89' lang='lat' dir='ltr'>quemadmodum</span> <span class='ocrx_word' id='word_1_136' title='bbox 659 2104 713 2160; x_wconf 87' lang='lat' dir='ltr'>viri</span> <span class='ocrx_word' id='word_1_137' title='bbox 723 2103 878 2158; x_wconf 88' lang='lat' dir='ltr'>mulierum</span> <span class='ocrx_word' id='word_1_138' title='bbox 889 2104 973 2180; x_wconf 81' lang='lat' dir='ltr'>fragi-</span> 
     </span>
     <span class='ocr_line' id='line_1_24' title="bbox 174 2178 972 2255; baseline 0.006 -23"><span class='ocrx_word' id='word_1_139' title='bbox 174 2178 250 2232; x_wconf 91' lang='lat' dir='ltr'>litate</span> <span class='ocrx_word' id='word_1_140' title='bbox 264 2181 364 2234; x_wconf 87' lang='lat' dir='ltr'>reiecta</span> <span class='ocrx_word' id='word_1_141' title='bbox 377 2182 469 2234; x_wconf 89' lang='lat' dir='ltr'>omnia</span> <span class='ocrx_word' id='word_1_142' title='bbox 483 2181 653 2251; x_wconf 88' lang='lat' dir='ltr'>reipublicae</span> <span class='ocrx_word' id='word_1_143' title='bbox 667 2180 696 2234; x_wconf 92' lang='lat' dir='ltr'>in</span> <span class='ocrx_word' id='word_1_144' title='bbox 710 2178 874 2234; x_wconf 85' lang='lat' dir='ltr'>civitatibus</span> <span class='ocrx_word' id='word_1_145' title='bbox 889 2197 972 2255; x_wconf 81' lang='lat' dir='ltr'>nege</span> 
     </span>
     <span class='ocr_line' id='line_1_25' title="bbox 171 2253 970 2328; baseline 0.005 -21"><span class='ocrx_word' id='word_1_146' title='bbox 171 2255 223 2315; x_wconf 88' lang='lat' dir='ltr'>tia,</span> <span class='ocrx_word' id='word_1_147' title='bbox 239 2256 299 2308; x_wconf 84' lang='lat' dir='ltr'>sive</span> <span class='ocrx_word' id='word_1_148' title='bbox 309 2255 345 2309; x_wconf 92' lang='lat' dir='ltr'>ad</span> <span class='ocrx_word' id='word_1_149' title='bbox 356 2253 459 2308; x_wconf 91' lang='lat' dir='ltr'>bellum</span> <span class='ocrx_word' id='word_1_150' title='bbox 470 2257 531 2310; x_wconf 87' lang='lat' dir='ltr'>sive</span> <span class='ocrx_word' id='word_1_151' title='bbox 542 2256 577 2310; x_wconf 94' lang='lat' dir='ltr'>ad</span> <span class='ocrx_word' id='word_1_152' title='bbox 589 2272 684 2328; x_wconf 89' lang='lat' dir='ltr'>pacem</span> <span class='ocrx_word' id='word_1_153' title='bbox 694 2253 845 2326; x_wconf 88' lang='lat' dir='ltr'>spectantia</span> <span class='ocrx_word' id='word_1_154' title='bbox 856 2295 863 2317; x_wconf 90' lang='lat'>,</span> <span class='ocrx_word' id='word_1_155' title='bbox 883 2273 939 2328; x_wconf 88' lang='lat' dir='ltr'>per</span> <span class='ocrx_word' id='word_1_156' title='bbox 950 2273 970 2310; x_wconf 76' lang='lat' dir='ltr'>sa</span> 
     </span>
     <span class='ocr_line' id='line_1_26' title="bbox 172 2329 970 2402; baseline 0.006 -20"><span class='ocrx_word' id='word_1_157' title='bbox 172 2331 247 2399; x_wconf 89' lang='lat' dir='ltr'>ipsos</span> <span class='ocrx_word' id='word_1_158' title='bbox 257 2329 329 2384; x_wconf 87' lang='lat' dir='ltr'>solos</span> <span class='ocrx_word' id='word_1_159' title='bbox 340 2331 455 2401; x_wconf 81' lang='lat' dir='ltr'>exsequi</span> <span class='ocrx_word' id='word_1_160' title='bbox 464 2330 624 2395; x_wconf 88' lang='lat' dir='ltr'>voluerunt,</span> <span class='ocrx_word' id='word_1_161' title='bbox 635 2346 778 2402; x_wconf 89' lang='lat' dir='ltr'>perperam</span> <span class='ocrx_word' id='word_1_162' title='bbox 788 2345 881 2401; x_wconf 83' lang='lat' dir='ltr'>genus</span> <span class='ocrx_word' id='word_1_163' title='bbox 894 2331 970 2386; x_wconf 83' lang='lat' dir='ltr'>lemi-</span> 
     </span>
     <span class='ocr_line' id='line_1_27' title="bbox 172 2403 968 2475; baseline 0 -19"><span class='ocrx_word' id='word_1_164' title='bbox 172 2420 254 2458; x_wconf 88' lang='lat' dir='ltr'>ueum</span> <span class='ocrx_word' id='word_1_165' title='bbox 264 2403 299 2459; x_wconf 92' lang='lat' dir='ltr'>ad</span> <span class='ocrx_word' id='word_1_166' title='bbox 308 2403 440 2475; x_wconf 87' lang='lat' dir='ltr'>politicen</span> <span class='ocrx_word' id='word_1_167' title='bbox 450 2404 621 2460; x_wconf 79' lang='lat' dir='ltr'>insufficiens</span> <span class='ocrx_word' id='word_1_168' title='bbox 631 2405 695 2459; x_wconf 89' lang='lat' dir='ltr'>rati:</span> <span class='ocrx_word' id='word_1_169' title='bbox 707 2404 846 2466; x_wconf 88' lang='lat' dir='ltr'>similiter,</span> <span class='ocrx_word' id='word_1_170' title='bbox 860 2414 896 2461; x_wconf 91' lang='lat' dir='ltr'>ut</span> <span class='ocrx_word' id='word_1_171' title='bbox 905 2407 968 2462; x_wconf 87' lang='lat' dir='ltr'>milii</span> 
     </span>
     <span class='ocr_line' id='line_1_28' title="bbox 173 2477 968 2552; baseline 0 -21"><span class='ocrx_word' id='word_1_172' title='bbox 173 2478 280 2543; x_wconf 85' lang='lat' dir='ltr'>videor,</span> <span class='ocrx_word' id='word_1_173' title='bbox 293 2480 416 2533; x_wconf 89' lang='lat' dir='ltr'>universi</span> <span class='ocrx_word' id='word_1_174' title='bbox 428 2479 553 2535; x_wconf 88' lang='lat' dir='ltr'>homines</span> <span class='ocrx_word' id='word_1_175' title='bbox 563 2479 688 2535; x_wconf 86' lang='lat' dir='ltr'>videntes</span> <span class='ocrx_word' id='word_1_176' title='bbox 699 2477 848 2533; x_wconf 87' lang='lat' dir='ltr'>animantia</span> <span class='ocrx_word' id='word_1_177' title='bbox 860 2478 968 2552; x_wconf 83' lang='lat' dir='ltr'>loquela</span> 
     </span>
     <span class='ocr_line' id='line_1_29' title="bbox 172 2553 968 2610; baseline 0.008 -6"><span class='ocrx_word' id='word_1_178' title='bbox 172 2554 292 2606; x_wconf 88' lang='lat' dir='ltr'>carentia</span> <span class='ocrx_word' id='word_1_179' title='bbox 305 2562 392 2607; x_wconf 88' lang='lat' dir='ltr'>terrae</span> <span class='ocrx_word' id='word_1_180' title='bbox 406 2553 487 2608; x_wconf 78' lang='lat' dir='ltr'>ailina</span> <span class='ocrx_word' id='word_1_181' title='bbox 502 2564 530 2608; x_wconf 89' lang='lat' dir='ltr'>et</span> <span class='ocrx_word' id='word_1_182' title='bbox 542 2571 573 2608; x_wconf 92' lang='lat' dir='ltr'>se</span> <span class='ocrx_word' id='word_1_183' title='bbox 585 2555 658 2610; x_wconf 86' lang='lat' dir='ltr'>solos</span> <span class='ocrx_word' id='word_1_184' title='bbox 672 2568 809 2609; x_wconf 86' lang='lat' dir='ltr'>sursume</span> <span class='ocrx_word' id='word_1_185' title='bbox 822 2560 899 2608; x_wconf 83' lang='lat' dir='ltr'>terra</span> <span class='ocrx_word' id='word_1_186' title='bbox 916 2573 968 2610; x_wconf 80' lang='lat' dir='ltr'>ere</span> 
     </span>
    </p>
   </div>
   <div class='ocr_carea' id='block_1_7' title="bbox 220 2719 968 2775">
    <p class='ocr_par' dir='ltr' id='par_1_7' title="bbox 220 2719 968 2775">
     <span class='ocr_line' id='line_1_30' title="bbox 220 2719 968 2775; baseline 0.019 -17"><span class='ocrx_word' id='word_1_187' title='bbox 220 2721 242 2763; x_wconf 87' lang='lat'>¹)</span> <span class='ocrx_word' id='word_1_188' title='bbox 263 2719 404 2762; x_wconf 78' lang='lat' dir='ltr'>Ammnensis</span> <span class='ocrx_word' id='word_1_189' title='bbox 416 2723 475 2763; x_wconf 79' lang='lat' dir='ltr'>Arm.</span> <span class='ocrx_word' id='word_1_190' title='bbox 493 2735 570 2765; x_wconf 83' lang='lat' dir='ltr'>nomeu</span> <span class='ocrx_word' id='word_1_191' title='bbox 587 2725 682 2764; x_wconf 80' lang='lat' dir='ltr'>Philonis</span> <span class='ocrx_word' id='word_1_192' title='bbox 698 2737 737 2775; x_wconf 86' lang='lat' dir='ltr'>pro</span> <span class='ocrx_word' id='word_1_193' title='bbox 754 2726 817 2767; x_wconf 78' lang='lat' dir='ltr'>titulo</span> <span class='ocrx_word' id='word_1_194' title='bbox 835 2731 968 2772; x_wconf 65' lang='lat' dir='ltr'>exararent</span> 
     </span>
    </p>
   </div>
   <div class='ocr_carea' id='block_1_8' title="bbox 170 2766 968 2868">
    <p class='ocr_par' dir='ltr' id='par_1_8' title="bbox 170 2766 968 2868">
     <span class='ocr_line' id='line_1_31' title="bbox 170 2766 968 2822; baseline 0.019 -20"><span class='ocrx_word' id='word_1_195' title='bbox 170 2766 227 2810; x_wconf 83' lang='lat' dir='ltr'>qnod</span> <span class='ocrx_word' id='word_1_196' title='bbox 239 2770 311 2807; x_wconf 77' lang='lat' dir='ltr'>temen</span> <span class='ocrx_word' id='word_1_197' title='bbox 328 2772 366 2810; x_wconf 75' lang='lat' dir='ltr'>ab·</span> <span class='ocrx_word' id='word_1_198' title='bbox 382 2783 406 2811; x_wconf 83' lang='lat' dir='ltr'>re</span> <span class='ocrx_word' id='word_1_199' title='bbox 423 2778 462 2812; x_wconf 87' lang='lat' dir='ltr'>eet.</span> <span class='ocrx_word' id='word_1_200' title='bbox 488 2774 523 2813; x_wconf 76' lang='lat' dir='ltr'>Aa</span> <span class='ocrx_word' id='word_1_201' title='bbox 538 2776 700 2816; x_wconf 80' lang='lat' dir='ltr'>elucidationem</span> <span class='ocrx_word' id='word_1_202' title='bbox 713 2787 784 2818; x_wconf 84' lang='lat' dir='ltr'>rerum</span> <span class='ocrx_word' id='word_1_203' title='bbox 797 2787 837 2819; x_wconf 79' lang='lat' dir='ltr'>nor</span> <span class='ocrx_word' id='word_1_204' title='bbox 850 2779 968 2822; x_wconf 71' lang='lat' dir='ltr'>adiecimus</span> 
     </span>
     <span class='ocr_line' id='line_1_32' title="bbox 170 2819 579 2868; baseline 0.015 -10"><span class='ocrx_word' id='word_1_205' title='bbox 170 2819 293 2858; x_wconf 68' lang='lat' dir='ltr'>teanensem</span> <span class='ocrx_word' id='word_1_206' title='bbox 306 2820 471 2868; x_wconf 71' lang='lat' dir='ltr'>inscriptionem.</span> <span class='ocrx_word' id='word_1_207' title='bbox 498 2823 579 2864; x_wconf 77' lang='lat' dir='ltr'>Aaou.</span> 
     </span>
    </p>
   </div>
   <div class='ocr_carea' id='block_1_9' title="bbox 0 72 1030 3100">
    <p class='ocr_par' dir='ltr' id='par_1_9' title="bbox 0 72 1030 3100">
     <span class='ocr_line' id='line_1_33' title="bbox 0 72 1030 3100; baseline 0 1"><span class='ocrx_word' id='word_1_208' title='bbox 0 72 1030 3100; x_wconf 95' lang='lat' dir='ltr'> </span> 
     </span>
    </p>
   </div>
  </div>
 </body>
</html>
