2050 3100
567 181 592 224 11

181 303 237 374 ptis
251 299 375 355 Philonis
389 297 500 352 omnino
514 297 544 350 in
559 296 611 351 hac
625 295 744 351 editione
760 295 969 367 comprehensis,

180 409 248 447 num
261 390 354 446 omnia
366 389 422 444 sint
439 405 511 460 quae
519 396 681 460 supersunt,
701 395 728 442 et
742 387 776 441 de
790 387 928 442 indicibus
944 389 973 441 in

182 483 256 538 calce
267 481 381 536 adiectis
388 496 459 551 quae
468 480 588 536 maxime
596 479 749 534 necessaria
759 486 823 533 sunt
830 495 971 550 exponere,

181 575 232 630 vix
241 571 421 644 supersedere
429 587 588 642 possumus.

236 679 333 735 Libros
348 679 472 734 Philonis
490 678 525 733 ab
542 677 695 733 Auchero
715 676 802 732 editos
821 677 930 732 omnino
944 679 974 730 in

183 772 255 826 hanc
278 769 427 826 editionem
455 778 578 842 receptos
604 785 664 824 esse
691 784 771 822 nemo
798 767 975 839 improbabit.

181 865 311 918 Nostrum
321 863 407 934 igitur
417 860 468 914 hoc
479 860 538 914 loco
548 860 619 914 nihil
629 867 683 924 est,
695 876 778 931 quam
788 859 884 930 paucis
893 858 976 913 lineis

178 954 280 1026 partim
299 952 377 1007 iliius
396 951 525 1005 editionis
546 960 684 1006 externam
704 951 839 1022 speciem,
875 951 977 1022 partim

179 1047 315 1100 internam
330 1046 390 1099 eius
409 1049 534 1096 naturam
552 1050 578 1096 et
592 1043 725 1115 originem
746 1041 913 1104 describere,
940 1041 979 1094 ad

179 1135 254 1208 quod
278 1136 415 1207 posterius
439 1135 580 1206 negotium
603 1151 686 1205 quam
712 1134 863 1204 plurimum
885 1133 979 1202 ipsius

179 1227 293 1282 editoris
312 1225 406 1281 verbis
425 1227 466 1279 uti
489 1225 628 1280 volumus.
666 1225 758 1279 Editio
776 1223 895 1304 Aucberi
916 1224 980 1295 ipsa

179 1319 288 1372 duobus
298 1325 426 1371 constans
436 1315 641 1379 voluminibus,
663 1332 780 1387 quorum
790 1315 890 1386 integri
901 1316 981 1370 tituli

179 1410 209 1462 in
220 1410 303 1461 Tomo
313 1413 492 1467 nostrosexto
501 1405 540 1476 (p.
551 1405 610 1478 279)
621 1414 647 1460 et
660 1414 754 1462 octavo
765 1405 803 1479 (p.
814 1405 840 1479 7)
851 1409 980 1478 expressi

177 1499 373 1560 inveniuntur,
391 1495 505 1551 formam
521 1496 604 1552 babet
617 1497 818 1569 quaternariam
832 1499 982 1565 maiorem,

178 1591 259 1645 binas
279 1590 309 1643 in
328 1588 428 1658 quavis
451 1589 553 1660 pagina
576 1589 731 1654 columnas,
760 1587 840 1644 cuius
863 1590 983 1647 sinistra

177 1681 350 1742 Armeniam,
385 1678 496 1733 dextera
520 1680 645 1735 Latinam
668 1680 781 1735 exhibet
804 1682 983 1752 versionem3

179 1772 233 1827 sub
250 1777 326 1825 textu
341 1778 406 1824 sunt
420 1770 533 1825 editoris
548 1781 627 1827 notae
642 1770 680 1845 (in
691 1780 782 1827 nostra
796 1772 919 1828 editione
929 1792 989 1831 ex·

178 1859 296 1933 cerptae)
311 1868 338 1915 et
355 1862 460 1931 passim
479 1870 583 1928 textus,
614 1863 663 1919 ubi
687 1872 807 1929 exstant,
838 1864 986 1936 paralleli.

178 1952 320 2007 Volumini
342 1952 431 2022 primo
455 1956 606 2023 praemissa
629 1964 670 2009 est
699 1954 835 2010 dedicatio
864 1938 990 2011 cuidam

179 2041 384 2106 „Nobilissimo
402 2044 497 2114 Equiti
516 2044 671 2102 Alexandro
686 2046 805 2118 Raphaei
825 2046 891 2100 hero
913 2049 993 2103 Hai-

178 2151 245 2189 cano
255 2133 394 2207 inclyto“‚
409 2134 444 2189 de
452 2134 572 2191 Aucheri
582 2155 664 2210 opere
674 2146 701 2192 et
709 2138 820 2193 omnino
831 2136 865 2191 de
876 2137 995 2195 litteris

177 2225 314 2280 Armeniis
324 2227 514 2292 meritissimo,
526 2229 669 2299 inscripta.
700 2228 876 2301 (Haicanus
888 2246 927 2283 ex
938 2232 996 2286 in-

177 2318 341 2389 digenarum
355 2316 449 2391 lingua
464 2320 540 2373 esti.
555 2337 583 2390 q.
598 2318 795 2391 Armenius.)
833 2318 996 2379 Praeterea

177 2417 293 2479 uterque
303 2410 403 2463 Tomus
412 2408 579 2480 praefatione
590 2411 739 2465 instructus
751 2419 801 2463 est.

231 2518 275 2571 Ex
289 2516 334 2570 his
350 2516 459 2572 duabus
469 2517 589 2573 Aucheri
598 2517 814 2590 praefationibus
825 2518 896 2572 haec
906 2536 996 2590 quae

178 2615 358 2678 excerpantur
368 2608 452 2680 digna
461 2625 615 2665 censemus.
635 2610 731 2663 Narrat
741 2610 769 2663 in
781 2625 875 2663 earum
885 2598 996 2680 primas

164 2714 206 2749 se
221 2714 291 2769 quae
306 2698 423 2753 ediderit
437 2699 561 2753 Philonis
576 2702 677 2771 scripta
696 2702 767 2756 inter
782 2700 892 2755 codices
909 2719 992 2764 mss
