2050 3100
192 687 932 780 QUAESTIONES
967 687 1092 764 ET
1128 688 1801 769 SOLUTIONES

635 855 1361 918 INEXODUM

800 1037 836 1090 s
855 1040 898 1090 Ε
918 1038 964 1090 R
981 1039 1037 1091 M
1058 1039 1103 1091 ο
1156 1040 1199 1091 1.
1727 1044 1731 1046 ·

1066 1146 1074 1151 -
1562 1115 1647 1179 [11,
1672 1115 1799 1179 444]

224 1197 470 1271 „Mensis
504 1199 580 1250 hic
611 1197 746 1248 vobis
770 1198 1060 1262 princspium
1093 1199 1342 1248 mensium:
1386 1199 1571 1262 primus
1606 1209 1675 1249 est
1706 1201 1756 1249 in

648 1265 878 1315 mensibus
912 1266 1089 1315 anni“.
1130 1271 1236 1329 (12,
1269 1265 1345 1329 2.)

313 1385 360 1434 4.
399 1362 470 1436 A
488 1382 700 1437 vernali
724 1383 1073 1454 aequinoctio
1094 1380 1511 1450 circulationem
1522 1383 1800 1436 mensium

125 1518 139 1525 θ
189 1463 345 1513 ratur
367 1458 758 1512 convenienter
779 1457 1161 1531 ealculandam
1184 1455 1319 1511 fore.
1386 1457 1591 1510 Primus
1616 1465 1797 1511 autem

190 1539 247 1586 et
281 1535 600 1600 principium
635 1531 945 1587 secundum
981 1530 1393 1605 homonymiam
1433 1530 1645 1586 dictum
1694 1541 1793 1597 est,

188 1621 384 1659 eorum
406 1623 436 1660 a
455 1623 515 1660 se
535 1606 780 1662 invicem
800 1607 1236 1679 designatorum.
1283 1606 1553 1673 Quoniam
1572 1613 1800 1676 primum

189 1678 400 1735 dicitur
441 1689 558 1736 tum
598 1682 658 1736 in
698 1682 920 1745 ordine,
969 1690 1089 1736 tum
1127 1682 1189 1735 in
1226 1682 1458 1749 virtute;
1540 1683 1800 1738 similiter

187 1763 246 1810 et
280 1760 600 1823 principium
636 1755 860 1811 videtur
901 1755 1074 1820 illud,
1134 1754 1285 1826 quod
1332 1756 1392 1810 in
1441 1756 1655 1811 vernali
1707 1774 1799 1813 ae-

185 1829 474 1900 quinoctio
502 1837 720 1901 tempus
749 1838 862 1885 tam
890 1831 1113 1894 ordine,
1158 1847 1326 1901 quam
1346 1830 1550 1886 virtute
1571 1848 1799 1904 progre-

188 1903 379 1967 dienS,
421 1904 888 1975 quemadmodum
917 1906 974 1960 in
1003 1904 1232 1959 animali
1253 1913 1437 1976 caput.
1516 1906 1629 1961 Hoc
1650 1908 1797 1961 enim

187 1994 388 2032 nomen
430 1980 596 2033 etiam
631 1980 956 2051 peritissimi
997 1980 1359 2035 astronomiae
1396 1979 1599 2035 indunt
1637 1999 1799 2053 prae-

188 2052 412 2108 laudato
451 2056 708 2125 tempori.
787 2056 925 2109 Nam
966 2062 1133 2126 caput
1161 2054 1380 2109 Zodiaci
1412 2064 1611 2110 vocant
1637 2054 1797 2111 Arie-

186 2136 300 2182 tem
314 2168 327 2191 ‚
352 2127 414 2180 in
440 2144 551 2198 quo
573 2130 730 2183 visus
753 2128 846 2184 Sol
867 2137 1093 2201 generat
1115 2129 1337 2184 vernale
1360 2131 1792 2201 aequinoctium.

183 2202 421 2272 Insuper
468 2210 522 2257 et
571 2205 701 2257 anni
753 2202 826 2277 [³¹⁶]
879 2213 1191 2275 temporum
1236 2206 1585 2259 nascentium
1636 2222 1796 2260 exor-

184 2275 346 2331 dium
386 2293 509 2332 esse
547 2278 683 2332 huic
720 2279 972 2349 contigit.
1051 2277 1347 2351 Quando*)
1386 2296 1515 2351 ergo
1554 2287 1795 2334 satorum

183 2350 411 2406 fructus
437 2351 795 2423 perficiantur
826 2356 895 2407 ab
931 2350 1250 2417 arboribuS,
1293 2354 1794 2425 tuno-principium

181 2428 560 2499 generationis
591 2428 900 2499 accipiunt,
941 2436 1005 2483 ut
1033 2428 1430 2501 prolongentur
1459 2427 1552 2481 dei
1586 2428 1795 2498 gratiae

179 2509 453 2573 perpetuo
488 2502 615 2556 aliis
644 2512 769 2574 post
799 2503 907 2557 alia
935 2520 994 2558 se
1024 2503 1268 2558 invicem
1299 2500 1711 2573 excipientibus
1742 2512 1796 2557 et

181 2575 518 2631 adhaerente
546 2576 655 2632 fine
686 2578 865 2632 initiis
895 2578 1166 2649 initioque
1196 2574 1424 2631 finibuS.
1502 2574 1708 2629 Verum
1735 2578 1794 2631 in

180 2653 363 2722 prima
413 2650 774 2721 productione
819 2653 1096 2716 omnium,
1158 2654 1215 2706 in
1264 2666 1375 2720 qua
1419 2656 1473 2702 et
1522 2649 1795 2704 mundum

290 2828 336 2875 ⁵)
373 2826 442 2868 Cf.
471 2836 602 2875 supra
625 2826 724 2868 Vol.
751 2826 826 2866 VI.
853 2837 897 2875 p.
924 2824 999 2866 245
1012 2832 1049 2863 s.
