2050 3100
78 193 215 262 [notas]
233 199 284 243 DE
303 197 582 246 PROVIDENTIA
602 200 729 246 SERMO
747 199 779 246 11.
850 156 890 248 69¹

78 316 183 357 cancro
198 315 230 354 ac
243 297 306 353 tabe
320 296 465 360 diriorem,
490 299 539 369 qui
555 299 615 354 sine
634 293 756 364 remedio
776 318 885 374 semper

79 375 163 437 ducit
183 374 217 428 ad
237 374 364 428 exitium.
403 371 438 428 ht
456 372 584 445 plerique
604 375 766 430 stolidorum
780 375 884 431 illustri

79 450 178 522 specie
197 448 303 512 delusi,
327 448 445 504 eundem
459 449 535 520 passi
549 457 613 504 sunt
627 466 722 504 casum
737 466 800 508 oum
814 449 882 512 illis,

80 541 156 596 quos
171 523 307 580 lenocinio
321 540 371 579 suo
386 524 499 594 capiunt
512 523 600 580 veluti
615 523 696 580 hamo
711 524 831 597 quodam
844 534 885 581 te-

80 599 323 666 traemcretrices3
354 615 426 668 quae
436 597 568 656 damnum
578 597 759 656 deformitatis
770 600 882 664 vestitu,

82 691 153 731 auro
171 674 321 752 unitusque
340 674 548 730 medicamentis
566 671 739 750 obtegentes,
762 691 795 730 eo
809 674 883 746 quod

103 749 207 804 enuina
221 747 407 819 familiarique
423 748 632 820 pulchritudine
651 751 797 807 destitutae
816 749 882 814 sint,

81 767 125 900 li]
136 824 261 895 spuriam
277 822 389 880 insidiis
403 823 555 881 moliuntur
569 823 603 880 ad
618 824 766 896 captandos
776 823 885 897 specta-

82 909 168 955 tores.
208 899 285 954 Pleni
299 906 364 954 sunt
378 899 449 957 malo
463 897 516 953 hoe
530 899 612 970 genio
626 901 675 970 qui
695 901 779 956 nimis
798 899 885 955 tortu-

84 973 144 1028 nati
155 982 233 1037 sunt,
253 973 334 1028 cuius
344 989 474 1029 excessus
484 973 539 1044 ipsi
550 974 621 1028 inter
630 991 660 1028 se
670 973 824 1030 iudicantes
835 991 885 1028 ne-

83 1056 191 1121 queunt
200 1046 284 1114 ferre3
316 1046 366 1102 sed
376 1049 449 1103 sieut
458 1047 515 1108 illi,
533 1049 582 1118 qui
596 1065 707 1112 arcana,
720 1065 791 1120 quae
802 1049 884 1103 silere

84 1122 203 1186 vallant,
225 1131 316 1178 tamen
326 1125 412 1178 coacti
424 1123 567 1178 tormentis
582 1130 736 1194 exponunt,
757 1124 886 1177 emittunt

84 1216 121 1272 os
140 1200 269 1269 passione
288 1205 375 1253 certas
393 1213 530 1270 verasque
548 1214 638 1262 voces,
649 1197 685 1252 oh
707 1213 886 1268 congressum

83 1272 287 1345 suppliciorum
297 1273 450 1344 praesentis
460 1279 543 1342 atque
558 1280 730 1343 exspectatae
740 1272 823 1334 vitae,
835 1287 886 1343 pe·

84 1348 190 1403 cudnm
199 1349 298 1411 instar,
318 1364 390 1418 quae
400 1347 435 1402 ad
445 1345 612 1402 sacrificium
622 1347 795 1420 saginantur:
822 1362 886 1400 nam

85 1433 114 1478 et
122 1423 170 1477 isti
180 1421 214 1495 (a.
226 1422 304 1495 istae)
314 1421 401 1478 multa
409 1421 537 1477 foventur
546 1439 611 1476 cura
621 1438 671 1494 pro
681 1421 843 1478 mactatione
856 1422 885 1476 in

85 1497 202 1571 epulum
212 1498 306 1555 multis
316 1497 448 1555 carnibus
457 1503 660 1569 praeparatum.
732 1535 735 1540 -

143 1608 187 1661 28.
211 1603 282 1660 Sunt
295 1604 392 1667 etiam,
413 1603 463 1676 qui
477 1602 554 1658 illico
568 1602 718 1675 impictatis
729 1618 782 1660 non
793 1604 887 1659 occul-

85 1690 143 1743 tas,
167 1678 217 1733 sed
236 1679 328 1751 potius
348 1678 507 1734 manifestas
525 1694 628 1749 poenas
649 1678 739 1743 luant,
768 1696 887 1751 quorum

85 1754 295 1813 multitudinem
309 1753 473 1827 singillatim
490 1770 632 1810 recensere
652 1771 887 1826 supervacaneum

87 1837 140 1885 est.
179 1828 252 1884 Satis
272 1845 336 1902 ergo
356 1828 408 1885 erit
426 1845 513 1884 unum
533 1826 636 1883 factum
655 1828 705 1902 'pro
727 1837 887 1902 argumento

87 1905 213 1961 omnium
226 1920 372 1976 apponere.
410 1904 618 1975 Dicituritaque
629 1904 745 1969 abillis,
761 1906 810 1976 qui
822 1921 887 1959 con-

87 1980 259 2051 scripserunt
272 1996 403 2053 magnum
416 1979 501 2043 illud,
523 1980 643 2034 immane
657 1998 688 2035 ac
702 1996 812 2035 sacrum
826 1978 887 2033 hel·

89 2056 149 2111 lum
161 2055 191 2108 in
201 2053 321 2109 Phocide
331 2054 447 2118 lactum,
463 2054 538 2126 quod
551 2055 596 2110 lex
606 2064 663 2109 erat
672 2063 786 2119 statuta,
801 2053 888 2111 sacri-

89 2130 184 2201 legum
194 2131 241 2184 aut
250 2129 310 2184 dari
319 2130 498 2201 praecipitem
508 2138 556 2184 aut
565 2129 689 2203 demergi
699 2138 746 2187 aut
760 2128 886 2184 cremari.

89 2206 157 2261 Tres
167 2204 220 2267 illi,
232 2205 282 2277 qui
292 2205 426 2276 templum
438 2201 487 2279 [*]‚
498 2205 574 2275 quod
581 2204 696 2277 Delphis
706 2211 773 2268 erat,
785 2202 888 2274 spolia-

89 2287 203 2343 verunt,
215 2278 398 2342 Philomelus,
410 2277 599 2336 Anomarchus
610 2287 637 2334 et
646 2277 775 2353 Phylius,
792 2277 888 2331 distri-

89 2356 157 2411 buta
172 2362 334 2428 receperunt
346 2353 494 2426 supplicia.
534 2354 625 2411 Unum
640 2354 714 2407 enim
727 2368 777 2424 per
787 2350 888 2405 durum

90 2430 183 2503 praeci
204 2430 285 2489 itium
298 2446 480 2501 saxosamque
491 2436 598 2503 petram
609 2444 641 2482 ac
651 2426 806 2501 disruptam
815 2426 889 2479 iece-

91 2512 156 2561 runt
174 2446 303 2559 ‹lhorsum
317 2511 345 2559 ct
358 2504 526 2576 lapidarunt.
564 2502 688 2557 Alterum
707 2518 795 2573 equus
816 2501 887 2572 ipse,

87 2596 148 2659 'quo
158 2578 323 2643 vehebatur,
336 2579 452 2634 habenis
461 2579 601 2641 excussis,
612 2575 745 2651 usquead
756 2592 830 2630 mare
840 2574 889 2653 de-

92 2654 173 2709 duxit
210 2654 261 2711 uhi
275 2655 382 2726 impetu
398 2653 468 2709 lacto
488 2656 519 2708 in
538 2653 654 2725 pelagus
673 2668 704 2706 ac
724 2652 759 2707 in.
773 2652 890 2704 immen-

92 2746 151 2784 sam
161 2694 292 2803 ahyssum
302 2731 395 2803 ipsum
405 2729 461 2784 sihi
471 2728 638 2783 insidentem
648 2726 776 2783 detraxit.
805 2724 890 2799 Phyl-
