2050 3100
551 234 587 281 Iu

173 352 223 414 tis,
246 351 422 421 interpretem
437 357 560 403 nostrum
570 350 644 405 llose
655 347 824 405 Chorenensi
832 352 970 407 seniorem

173 441 259 497 luisse
279 449 377 504 aetate,
403 449 434 495 ut
452 442 584 495 maiorem
603 441 664 495 eius
682 441 918 512 condiscipulum,
941 454 971 497 et

173 540 371 604 consequenter
381 533 501 588 caruisse
510 532 713 604 quodammodo
726 531 892 603 perfectione
906 534 967 598 illa,

173 642 226 697 qua
246 623 364 696 praediti
388 622 520 695 deinceps
544 623 656 696 luerunt
673 623 855 679 Chorenensis
873 625 922 679 ille
942 636 969 681 et

172 718 232 771 eius
241 716 310 770 socii
319 713 502 769 Alexandriae
515 714 666 770 etAtlronis
675 716 833 769 instituti.‘⁴
873 715 970 778 „Cae-

171 817 261 862 terum
283 813 388 861 oertum
411 813 465 869 est,
503 805 680 877 interpretem
707 814 830 861 nostrum
857 809 970 863 saeculo

172 900 268 971 quinto
282 896 353 970 (post
362 895 503 951 Christum
512 897 617 969 natum)
632 898 737 952 vixisse
751 897 804 951 sub
815 897 969 955 Theodosio

168 992 290 1063 Juniora:
322 988 397 1060 quod
416 996 526 1059 tempus
548 989 578 1043 in
602 988 674 1043 illud
692 989 833 1043 saeculnm
855 988 966 1049 incidit.

171 1080 245 1153 quod
258 1084 481 1153 interpretum
499 1088 641 1134 aetatem
656 1088 789 1135 nostrates
803 1088 912 1134 vocant.
935 1098 969 1135 eo

171 1172 245 1244 quod
264 1181 330 1227 tunc
348 1173 468 1227 maxime
486 1172 653 1227 Graecorum
672 1172 752 1227 libris
770 1172 799 1225 in
816 1170 967 1225 llaicanum

170 1264 310 1320 vertendis
325 1263 448 1318 Armenii
458 1263 652 1318 insudarint.“
691 1264 799 1333 Daipsa
809 1262 967 1332 interpretis

169 1370 285 1426 persona
305 1356 356 1409 hoc
374 1363 492 1410 statuero
514 1371 604 1426 posse,
615 1355 670 1409 sibi
685 1354 807 1409 videtur:
902 1355 967 1417 „ita

169 1454 213 1510 ut,
240 1447 265 1500 si
285 1444 476 1500 concedendus
491 1446 528 1499 sit
544 1446 619 1500 loeus
639 1444 818 1507 coniecturis,
844 1453 967 1515 optarem

171 1545 252 1609 atque
272 1536 401 1592 auderem
420 1536 525 1601 dicere,
564 1536 638 1608 quod
660 1537 720 1607 ipse
742 1534 772 1590 S.
792 1536 965 1601 Leontius,

170 1629 287 1701 quierat
299 1643 371 1683 unns
388 1629 522 1684 maiorum
535 1629 703 1700 collegarum
712 1628 796 1683 llosis
810 1627 969 1682 Chorenen-

170 1721 224 1785 sis,
246 1719 328 1776 luerit
341 1721 470 1792 proprius
484 1720 630 1775 translator
643 1721 726 1775 totius
741 1713 833 1790 operis
841 1719 969 1776 Philoni-

170 1811 969 1884 ani.“··-DasuaipsinsversionaLatinuAuehar

169 1903 237 1957 haec
251 1902 332 1958 dicit:
354 1903 483 1970 „Quod“
495 1903 544 1975 (sc.
561 1911 658 1958 natura
671 1903 806 1957 versionis
820 1902 969 1970 Armeniae

168 2009 222 2049 non
233 1996 299 2049 satis
310 1993 452 2068 perlecta),
469 2004 526 2059 „ut
540 2011 590 2066 per
599 2013 629 2050 se
643 2002 730 2065 patet,
754 1994 836 2049 nobis
848 1993 969 2050 Armena

169 2087 197 2139 in
210 2087 338 2140 Latinum
356 2086 584 2142 transferentibus
598 2085 771 2141 incommodo
789 2085 969 2140 vehementer

169 2177 234 2231 fuit:
265 2179 314 2249 qui
334 2179 473 2233 tamenin
493 2178 585 2232 media
606 2194 718 2249 prorsus
738 2179 785 2232 viu
805 2176 968 2232 incedentes
1014 2172 1015 2175 ’

168 2269 302 2323 liaioanaa
316 2269 424 2340 phrasi,
445 2270 538 2342 quoad
552 2271 613 2324 sine
630 2269 836 2340 perspicuitatis
850 2268 970 2340 dispen-

168 2359 215 2413 dio
230 2358 289 2415 fieri
302 2363 405 2432 potuit,
435 2363 560 2434 pressius
577 2361 726 2416 adhaerere
740 2361 830 2416 conati
850 2376 965 2419 sumus;

168 2467 219 2506 nec
229 2459 318 2507 tamen
331 2453 473 2524 piaculum
487 2452 620 2506 duximus
631 2451 665 2507 ab
680 2469 712 2508 ea
721 2453 879 2516 discedere,
900 2469 968 2506 cum

167 2542 197 2597 id
220 2543 309 2615 ipsius
337 2547 454 2600 auctoris
480 2545 581 2598 mentis
610 2544 789 2615 exponendae
814 2544 970 2599 necessitas

167 2636 327 2704 postularet.
366 2637 447 2689 Porro
466 2634 518 2688 hac
532 2634 613 2689 nobis
628 2635 690 2707 lege
704 2637 850 2690 constituta
869 2636 971 2690 mirari

167 2725 288 2794 prolecto
302 2737 382 2780 nemo
395 2727 507 2796 poterit,
528 2727 642 2781 Latinae
651 2727 763 2798 linguae
773 2727 942 2799 elegantiam
954 2746 971 2780 a
