2050 3100
71 216 118 283 [IL
132 212 191 279 539]
253 218 294 264 nt
311 216 483 265 EXODUM.
504 217 631 265 SERMO
651 180 686 266 Il.
824 214 874 267 383

72 337 149 394 quae
163 335 230 374 vero
244 335 258 373 n
274 318 399 383 sinistra,
419 325 530 391 propter
538 318 685 375 utilitatem
695 319 838 375 hominum
848 330 875 377 et

72 395 242 451 suavitatem
253 394 327 465 opud
336 396 403 449 istos
411 394 550 466 opinionis
561 392 595 466 (s.
606 394 813 468 aestimationis)

73 585 114 651 [Ἴ
134 582 204 641 Quae
220 593 275 633 sunt
292 582 353 633 duae
368 600 473 648 pennae
489 585 625 651 mturaqda',
644 586 669 635 iu
684 586 770 651 patus
780 586 874 641 nomino

132 652 268 702 scribuntur
286 650 408 701 duodecim
420 652 555 717 principum
573 653 689 704 triduam?
709 661 762 719 (28,
778 654 823 715 9.).

135 773 194 827 ⁴09.
215 768 323 842 Sigilli,
342 768 370 821 in
382 768 509 825 alterutro
520 787 627 836 eorum,
644 790 693 829 sex
702 780 767 827 sunt
779 772 874 828 ombo-

71 864 139 902 rnm
148 844 429 916 hemisphaeriorum,
441 862 524 917 super
534 853 633 901 ternam
643 846 774 977 videlicet
784 855 811 903 et
820 846 873 903 sub

71 933 159 977 terra.
197 920 267 975 Huic
286 926 377 973 nutem
395 917 468 975 dicto
487 920 539 975 tria
559 920 643 975 fidem
656 922 683 977 la
700 940 745 977 ere
759 922 873 977 demon-

70 1003 189 1052 stratur:
220 1011 307 1049 unum
320 992 420 1066 figura,
441 996 507 1065 quie
523 997 653 1051 rotundae
670 1005 735 1052 sunt
752 1015 872 1065 pammac,

70 1068 309 1145 quemadmodum
333 1076 360 1123 et
376 1068 598 1140 Ahemisphaerim
643 1070 765 1127 secundo
793 1074 872 1134 color,

70 1146 208 1220 quoniam
224 1144 325 1200 similis
343 1152 385 1198 est
402 1145 760 1214 coloresmaroyduscae103
795 1144 874 1200 tertio

71 1238 199 1278 numerus
217 1224 245 1274 in
262 1237 291 1273 eo
308 1223 478 1293 soutptoJum,
502 1219 641 1289 siquidem
659 1222 688 1276 in
708 1234 874 1290 unoquoque

71 1294 281 1367 hemisphaerio
300 1294 444 1365 sedsigne
458 1293 574 1366 contigit
591 1311 665 1359 esse,
690 1311 809 1366 quorum
822 1293 875 1347 nli-

70 1390 130 1444 qua
140 1386 225 1442 super
235 1376 347 1432 terram,
369 1362 505 1439 quaedam
516 1385 580 1424 vero
590 1369 643 1424 sub
654 1378 767 1434 terram,
789 1368 875 1423 dimi·

73 1447 155 1502 dium
169 1461 267 1516 nempe
277 1443 386 1514 Zodiaoi
396 1442 565 1508 obtinentes,
584 1444 703 1500 elucent.
742 1442 874 1517 Sigillum

73 1530 168 1578 autem
183 1520 243 1575 iure
259 1519 366 1574 vocavit
379 1522 557 1594 scriptionem,
577 1521 707 1592 quoniam
721 1534 831 1575 normae
842 1535 874 1574 ao

73 1597 135 1672 typi
146 1603 212 1651 sunt
221 1603 252 1649 ut
261 1593 367 1667 sigilla,
383 1610 454 1664 quae
464 1595 493 1647 in
503 1593 618 1650 Zodiaoo
629 1604 693 1650 sunt
702 1612 796 1651 omnes
806 1595 873 1650 stel-

73 1669 299 1738 lneimmobiles3
329 1668 443 1724 mobilia
453 1677 544 1725 eutem
554 1679 618 1726 sunt
628 1688 698 1744 quae
707 1679 769 1744 post
779 1671 872 1726 lunam

73 1748 224 1803 exsistunt.

79 1895 147 1955 Quid
166 1903 201 1945 ort
221 1893 361 1957 Rationale,
390 1903 412 1944 et
433 1911 506 1958 quare
527 1895 701 1946 iudiciorum
723 1895 782 1945 illud
801 1895 873 1944 uomi-

143 1972 201 2024 nat,·
234 1979 276 2012 our
297 1970 373 2011 autem
399 1963 490 2023 „tuma
516 1971 630 2012 texturam
655 1962 874 2028 supernumerat's“

144 2031 285 2080 construitur
300 2029 433 2079 rationale?
450 2031 503 2092 (28,
517 2031 568 2091 15.)

133 2153 193 2206 llo.
214 2149 292 2204 Siout
304 2158 331 2203 et
344 2166 442 2204 nomen
457 2149 549 2220 ipsum
563 2157 667 2214 monet,
688 2152 799 2204 rationis
813 2146 873 2219 (est)

75 2225 245 2301 symbolum.
283 2224 361 2279 Ratio
381 2231 472 2279 nutem
486 2225 546 2279 sive
561 2225 677 2279 verbum
691 2221 813 2296 (Graecis
828 2220 874 2276 λό-

74 2323 137 2378 γος,
163 2299 291 2354 Armenis
308 2298 372 2370 poa)
391 2298 496 2369 duplex
515 2307 569 2354 est:
605 2316 692 2354 unum
711 2299 741 2353 in
760 2304 873 2351 naturae

75 2374 311 2441 consiliissitum‚
334 2373 452 2428 alterum
460 2373 638 2446 prolativum.
675 2374 873 2428 ludiottautem

74 2459 116 2507 est
125 2450 196 2506 verb
249 2442 874 2520 ,quoniamomniaeodistinguunturlsivera-

74 2529 150 2582 tione
160 2542 195 2582 au
234 2523 362 2596 rational:
386 2523 576 2596 intelligibilia
586 2540 626 2587 eo,
638 2519 713 2593 quod
722 2520 751 2573 in
761 2525 874 2574 naturae

74 2596 267 2667 oonsiliisest‚
298 2595 767 2667 vocaliaentemsermonepriveto.
802 2592 873 2649 Con·

73 2677 189 2731 structio
200 2690 266 2731 vero
279 2671 439 2746 (rationalis)
449 2677 527 2729 iuxta
538 2683 668 2728 tenturam
677 2671 874 2736 supernumera-

76 2754 110 2806 tie
123 2751 228 2824 optime
243 2747 348 2806 dietum
363 2757 418 2815 est,
437 2748 504 2819 quie
518 2745 635 2806 texendo
644 2751 749 2815 oportet
758 2741 874 2798 formare
