2050 3100
66 219 111 285 [Π,
124 218 185 283 356]
255 222 295 267 IN
316 222 491 268 GENESIN.
505 222 634 267 SERMO
652 223 695 269 lv.
826 216 874 268 {69

3 418 5 431 ι
69 389 152 447 Quaere
173 406 245 454 quum
263 406 359 439 uxorem
377 388 444 439 duxit
462 400 485 439 et
506 388 589 439 dilexit
606 387 752 452 Rcbecem,
780 388 874 452 dicitur,

85 458 153 521 quod
166 457 333 522 „Consolatus
351 466 385 507 cot
404 457 433 505 de
445 455 528 506 Sarra
546 466 622 507 matre
638 459 719 505 aua“?
738 462 791 521 (24,
803 456 858 521 ot.)

124 578 187 632 tto.
208 576 468 648 lureetcoudigne;
494 592 549 630 non
560 576 636 629 enim
645 574 754 647 expulit
764 576 877 648 sapien·

65 652 150 716 tiam,
174 650 226 705 sed
240 651 361 707 invenit:
388 667 443 705 non
456 666 507 722 per
519 657 631 721 tempus
640 651 670 704 in
681 658 822 705 senectute
832 652 877 706 vi-

66 742 151 799 gens,
175 725 226 780 sed
240 726 412 780 insenectute
427 726 627 788 aciuventute,
648 742 813 797 semperque
826 723 877 781 flo-

66 817 182 856 rescens
202 800 265 855 sine
283 800 413 854 sensibili
432 800 522 855 colore
541 815 591 871 per
607 800 797 872 incorpoream
811 800 876 873 pul-

66 874 270 931 chritudinem.
311 873 457 945 Siquidem
472 874 622 929 consolatio
637 882 679 929 est
691 876 800 931 animae
810 893 877 930 con-

65 950 260 1021 templationis
275 949 415 1005 studiosae
430 957 543 1021 propter
561 949 683 1021 priscam
701 953 876 1022 primamque

67 1024 266 1097 disciplinam,
286 1026 522 1097 quaaiuventute
531 1024 667 1080 instructa
681 1024 748 1090 init,
770 1026 795 1080 si
811 1044 877 1082 con-

68 1099 146 1155 ciliet
166 1099 307 1170 ducetque
324 1100 381 1153 sibi
395 1100 425 1156 in
438 1116 554 1154 uxorem
569 1107 739 1155 constantem
754 1100 875 1155 illumin

67 1176 174 1230 virtute
188 1175 434 1247 perseverantiam.
474 1172 611 1241 Quoniam
621 1174 800 1228 considerans
810 1183 837 1229 et
846 1176 876 1229 in

68 1250 233 1305 memoriam
253 1248 388 1305 reducens
407 1250 571 1304 anteriorem
589 1249 669 1304 illam
690 1249 791 1312 vitam;
821 1266 876 1320 qua

67 1325 113 1381 vel
134 1326 199 1379 sine
219 1325 383 1379 necessitate
403 1324 570 1396 disciplinae
592 1324 679 1386 vixit,
713 1326 878 1378 consoletur:

70 1400 228 1455 consolatus
240 1408 282 1455 εει
292 1408 438 1464 antemon,
450 1398 526 1471 quod
538 1416 593 1454 non
604 1397 706 1453 frustra
716 1405 758 1453 εει
767 1400 876 1470 impen-

70 1492 133 1529 sum
144 1483 256 1564 tempus
266 1476 297 1530 in
307 1492 351 1529 res
361 1474 477 1529 minime
488 1472 599 1547 dignas,

360 1559 364 1582 l

102 1658 169 1716 Quid
185 1669 220 1710 εει
236 1659 382 1724 „Adiim'eus
396 1669 473 1710 cutem
486 1657 611 1709 Abraham
628 1659 727 1724 sumpsit
744 1676 847 1723 uxorem,
873 1684 877 1698 x

230 1729 269 1778 cui
286 1745 369 1778 nomeu
386 1737 439 1777 erat
459 1726 588 1778 Cetura“t
614 1728 669 1792 (25,
681 1727 717 1790 1.)

129 1848 188 1903 tlt.
213 1847 347 1902 Adiectum
360 1863 415 1902 non
429 1854 471 1902 est
484 1845 561 1901 idem
575 1863 640 1900 oum
654 1846 717 1909 illo,
742 1847 787 1900 cui
804 1846 876 1901 adii-

72 1923 157 1988 citur,
173 1922 223 1977 sed
232 1923 344 1977 omnino
355 1922 432 1977 aliud
442 1921 579 1995 quiddam
588 1930 640 1976 est.
680 1921 782 1976 Verum
791 1920 876 1992 quid-

72 2015 136 2052 nam
147 1998 184 2052 sit
194 1997 266 2053 illud
278 1997 455 2052 adiectum:in
465 1995 589 2051 honum?
603 1995 744 2050 malumne
753 1996 798 2050 vel
810 2013 876 2051 oon·

71 2073 188 2128 trarium
202 2082 229 2127 et
243 2071 398 2128 dissimile?
422 2071 478 2127 Sed
492 2078 581 2143 patet,
610 2071 685 2142 quod
701 2079 742 2126 est
756 2073 875 2126 mixtum

16 2195 26 2204 ..
71 2147 158 2212 illud,
180 2147 255 2218 quod
269 2147 434 2203 necmalum
447 2164 499 2202 nec
510 2146 623 2201 bonnm.
663 2145 799 2213 Quoniam
809 2161 875 2216 opes

72 2231 99 2277 ct
108 2223 226 2277 honores
236 2231 262 2278 et
273 2224 393 2295 corporis
408 2221 520 2277 affectus
534 2230 561 2276 ει
574 2222 713 2293 potentiae
728 2219 782 2294 (vel
797 2221 876 2293 prin-

72 2296 191 2370 cipatus)
206 2305 233 2352 et
246 2299 337 2352 omnia
353 2313 545 2369 quaecumque
559 2298 631 2351 circa
642 2313 741 2367 corpus
751 2303 816 2350 sunt
826 2311 876 2348 ex-

73 2383 169 2444 traque
184 2389 298 2444 eorpus,
319 2389 404 2444 penes
420 2373 568 2427 honestum
581 2371 706 2426 dimensa
719 2379 798 2439 sunt3
820 2385 875 2423 uon

73 2457 163 2503 tamen
173 2448 251 2502 velut
260 2447 346 2513 bona,
367 2447 417 2502 sed
427 2456 568 2519 tamquam
580 2443 617 2521 [*]
629 2447 735 2518 proprii
745 2446 812 2502 honi
826 2443 876 2497 ad-

73 2523 223 2578 ditamenta
234 2531 316 2594 atque
326 2522 479 2591 secundum
490 2521 704 2576 indifferentiam
718 2520 876 2592 promiscua

74 2598 210 2654 etaliena.
250 2596 433 2664 Quamobrem
447 2605 475 2652 et
489 2595 629 2652 adiectum
645 2603 757 2649 vocatur
769 2593 873 2653 Cetera,

75 2674 152 2728 cuiue
167 2673 291 2728 nominis
308 2672 496 2744 interpretatio
512 2679 554 2726 est
567 2674 670 2739 suffitae
686 2669 700 2735 (
701 2685 725 2721 ε.
740 2670 798 2720 thas
811 2669 877 2718 cdo-

76 2749 158 2821 lou);
177 2746 387 2806 odoramentum
397 2755 489 2804 autem
498 2745 556 2800 cibi
567 2743 719 2804 adiectum,
731 2757 785 2798 non
796 2736 876 2792 cibus
