2050 3100
190 204 238 258 326
317 206 411 251 PIlIL.
431 205 505 250 1151).
524 203 685 262 QUeEsT.
702 205 753 251 ET
772 204 851 249 301..
874 195 973 265 [leit]

189 332 299 377 terram:
331 326 427 373 cavere
448 318 567 381 seilicet,
587 318 733 382 obaudire,
755 330 810 372 non
828 316 970 379 inobedire,

188 412 241 450 nou
248 395 358 456 evitare,
371 398 502 447 etnonten
511 407 594 447 mum
604 406 687 464 super
697 407 759 448 eum
770 407 881 464 ponere.
895 392 972 445 ldae-

188 480 242 525 tem
253 474 313 523 ante
323 468 414 521 omnia
425 468 627 523 observandum
636 470 699 522 erit.
738 468 913 539 Quicumque
919 468 973 521 sine

188 541 503 608 cantelaviamlaolnnt,
524 542 649 600 aberrant
659 542 694 597 ab
704 544 847 615 ipsam
857 543 974 614 proprio-

187 636 241 691 que
255 618 366 681 semita,
388 632 469 689 saepe
483 620 593 689 saepius
603 631 653 689 per
662 618 811 691 impervia,
826 616 863 692 [Ἴ
876 618 973 673 derret

187 693 308 749 anfracta*
316 692 468 746 deviantes.
507 694 578 747 linio
588 693 973 764 aequoloestpariter,tpnan-

186 769 221 823 do
241 775 268 822 et
287 768 378 821 anima
397 767 518 838 patiatur
533 768 640 839 aliquid
653 761 791 831 iuvenile,
815 769 872 821 etsi
885 770 969 839 pium:

186 858 272 915 quum
283 844 357 897 enim
368 858 466 914 expers
476 843 512 896 eit
521 842 694 913 disciplinae,
705 842 791 897 iettitr
797 844 928 897 tementis
933 843 972 895 in-

186 928 241 972 star
250 919 310 972 sine
321 918 533 989 impedimento,
544 926 641 989 eoquo
651 918 701 972 vix
711 916 833 992 expedit.
855 914 972 972 eomodo

185 1000 296 1067 reserat
311 993 438 1047 introitus
452 994 481 1047 in
497 1000 610 1047 terram:
632 1005 663 1046 ee
673 994 752 1047 estin
787 1005 867 1047 esses
877 993 907 1047 ln
917 992 973 1064 pei-

186 1066 350 1139 lesophiam,
372 1081 443 1139 quae
458 1074 499 1121 esi
513 1076 653 1138 tamquam
666 1076 737 1122 terta
787 1079 822 1121 na
836 1072 869 1121 a'e
883 1066 974 1122 lentilis

186 1144 220 1197 ad
229 1140 435 1214 productionem
446 1140 595 1207 numnam,
605 1152 676 1213 quos
684 1142 776 1197 lerum
783 1143 975 1214 divinaeplan·

185 1229 241 1281 tae,
256 1219 382 1271 virtutes,
412 1217 465 1284 Qui
475 1218 666 1290 ergooulthia
676 1217 731 1272 lrui
741 1217 887 1282 fructibus,
900 1216 975 1272 debet

158 1339 160 1343 .
186 1293 320 1348 monitum
332 1292 473 1347 admittere
484 1293 619 1347 cautionis
630 1291 781 1347 faciendae.
821 1292 917 1348 Cautio
930 1309 974 1345 au-

184 1378 241 1422 tem
260 1376 301 1423 est
319 1368 505 1438 praesidentia
524 1367 675 1424 consiliarii
689 1369 790 1423 mentis
804 1375 832 1421 et
846 1367 974 1438 prompti-

184 1443 249 1498 tudo
265 1442 299 1497 ed
318 1443 556 1497 auscultationem.
593 1440 730 1507 Quoniam
747 1442 973 1513 quemadmodum

184 1526 299 1582 amator,
315 1519 443 1590 sepositis
454 1518 560 1574 nunciis
570 1517 633 1572 aliis
644 1516 740 1581 rebus,
756 1516 868 1572 festinat
877 1517 914 1572 nd
922 1533 973 1571 rem
1005 1541 1006 1544 ¹

183 1593 378 1657 desideratam,
391 1595 432 1647 sic
441 1595 525 1648 etiem
535 1595 659 1647 esuriens
668 1593 821 1664 sitiensque
831 1593 867 1647 ad
876 1592 973 1647 intelli-

184 1669 303 1740 gentiam
315 1665 479 1739 dlsoiplinae
489 1675 571 1739 atque
581 1667 615 1722 ad
626 1666 789 1723 discendum
799 1683 872 1738 quae
881 1669 971 1723 nescit

183 1743 297 1798 caeteris
311 1744 422 1796 omissis
437 1743 525 1807 euris,
545 1752 672 1814 properat
687 1743 721 1804 ad
741 1743 970 1800 auscultationem¹

183 1827 209 1872 et
218 1827 296 1872 noete
306 1834 338 1871 ae
347 1817 393 1872 die
402 1819 473 1872 ostia
482 1816 602 1873 custodit
612 1817 743 1874 domuum
753 1819 921 1894 sapientum.
933 1817 973 1872 lt-

182 1891 293 1948 tendere
306 1893 399 1963 itaquo
412 1894 442 1946 in
457 1893 501 1948 his
516 1900 570 1957 est3
601 1893 698 1948 audire
708 1911 773 1963 vero
782 1894 813 1968 in
822 1893 918 1948 ordine
929 1893 973 1947 ha·

182 1968 262 2022 betur
276 1975 303 2021 et
316 1967 400 2033 simul
415 1967 450 2022 ad
464 1968 576 2022 modum
591 1977 703 2041 naturae
716 1964 831 2043 dictum.
871 1967 972 2022 Etenim

181 2043 231 2112 qui
243 2041 319 2096 audit
329 2043 499 2098 extremitate
510 2044 632 2108 aurium,
652 2052 742 2117 potest
751 2043 869 2116 quidem
872 2041 972 2118 subole

182 2134 262 2172 saure
273 2116 361 2172 faeere
370 2120 576 2188 perceptionem
587 2119 736 2187 diotopum:
764 2118 816 2192 qui
830 2136 898 2174 vero
908 2124 972 2174 certo

183 2192 273 2256 audit,
285 2191 459 2280 manileptius
469 2195 541 2250 intra
551 2211 615 2250 eum
624 2193 818 2266 ingrediuntur
827 2208 970 2250 sermones,

183 2267 293 2322 auditus
303 2269 363 2322 vias
374 2285 468 2324 omnes
478 2270 689 2340 perlustrantes,
710 2270 749 2325 ita
763 2277 795 2322 ut
807 2269 972 2327 intellectum

181 2344 275 2414 ipsum
286 2342 383 2398 formet
393 2361 471 2400 cerae
481 2345 568 2409 instar
576 2343 712 2416 profunda
725 2344 922 2416 impressione,
942 2355 971 2393 1¹⁰

182 2417 263 2473 iaoilo
283 2417 437 2488 insipidum
448 2419 583 2488 ,videatur
601 2417 718 2474 etioras
740 2417 858 2492 resiliat.
901 2409 971 2485 Quod

180 2495 306 2564 proxime
326 2495 450 2564 sequitur
468 2512 524 2550 non
542 2493 642 2548 dehere
660 2490 805 2561 inobedire,
820 2491 855 2566 (s.
870 2493 970 2549 dissen-

181 2569 252 2642 tire).
291 2569 422 2628 Nonnulli
440 2570 515 2624 enim
533 2569 681 2623 admitttmt
698 2567 813 2640 quidem
827 2570 904 2624 intus
916 2581 969 2621 ver-

181 2643 279 2698 borum
298 2645 497 2716 apparentiam,
519 2660 569 2698 neo
588 2652 678 2698 tamen
690 2661 794 2700 revere
813 2645 968 2718 recipientes
1005 2658 1006 2677 ¹

181 2717 360 2783 dissentiunt,
385 2721 476 2774 rixosa
489 2725 516 2770 et
530 2717 737 2775 contradictoria
751 2727 860 2774 utentes
873 2715 966 2773 indole·

1005 789 1007 824 l

1005 829 1006 872 l
