2050 3100
176 142 226 196 act
402 143 589 190 ramosus
608 143 748 190 runem
822 137 981 205 [lausana]
1007 160 1009 169 ι

175 247 305 312 consilia,
325 244 492 302 destruendo
506 252 534 298 et
541 239 582 372 gil]
596 241 774 315 impediendo
789 249 817 298 et
827 244 981 300 multorum
1008 242 1009 259 ²

174 323 341 398 populorum
351 322 410 376 vim
420 337 539 376 enervan
560 336 586 382 o,
600 318 737 390 laudeque
747 317 893 374 celebrant
904 330 981 376 natu·

175 418 249 464 ram,
269 414 341 470 quae
356 396 469 451 exhibet
482 394 611 450 materias
626 392 746 466 singulis
760 393 869 448 artibus
881 412 979 450 conre-

175 476 293 540 nientes.
332 473 435 525 Dantur
445 471 528 525 etiam
543 468 650 540 aliqua,
669 484 754 538 quae,
774 469 851 523 sicut
865 471 978 524 minime

176 548 285 621 agentia
302 546 416 608 artium,
446 543 482 598 ad
500 560 584 599 usum
606 541 800 614 quotidianum
819 542 977 600 delectatio

175 636 295 692 nemque
308 619 423 674 iaciunt.
462 617 536 684 Quid
554 626 645 672 tamen
664 617 852 688 praestitisset
872 637 936 684 ars,
956 621 975 672 si

174 713 228 751 non
251 694 332 768 prius
355 700 448 748 essent
471 691 619 748 materiae?
649 694 719 747 Nam
742 693 975 763 quemadmodum

175 770 320 841 epularum
329 767 414 839 dapes
424 785 588 840 praeparare
598 766 777 822 trustraesset
787 768 974 824 conditoribus

175 845 314 908 ciborum,
335 843 514 914 antaecsqni
525 842 667 914 impendia
684 841 829 908 fecissent,
851 845 975 898 similiter

174 919 300 975 insaniae
309 925 381 974 esset
390 917 532 973 criminari
543 924 614 971 artes
624 917 748 989 neglecto
759 916 858 972 datore
867 928 973 974 naturae
1009 967 1010 991 ,

174 997 309 1068 ipsarum.
348 994 421 1048 Haec
430 1010 508 1048 mens
519 993 644 1048 vulneris
655 1009 753 1064 expers
763 996 936 1064 procreavit.

230 1107 273 1158 98.
289 1103 395 1171 Patro,
410 1101 513 1173 Urgent
524 1100 593 1155 haec
602 1101 779 1172 maximeque
789 1100 901 1175 indige,
914 1118 973 1175 quae

177 1178 376 1235 accurationem
391 1175 527 1230 medicam
542 1175 677 1246 recipiant
696 1191 840 1247 magnam3
876 1187 973 1250 oportet

176 1255 250 1310 enim
262 1254 410 1325 diligenter
419 1252 524 1305 versari
540 1251 569 1304 in
584 1251 665 1322 ipsis.
704 1250 905 1321 Incipiendum
919 1269 973 1308 vero

176 1330 256 1394 inde,
278 1329 352 1382 unde
367 1335 394 1381 et
407 1335 437 1380 tu
452 1326 589 1398 originem
605 1324 711 1379 duxisti
727 1327 928 1383 accusationis.

197 1417 202 1424 Ι
232 1441 275 1492 99.
300 1433 480 1507 Ventorum*)
500 1433 689 1504 imbriumque
708 1432 911 1505 productiones
929 1453 974 1490 non

175 1515 204 1568 in
214 1513 346 1567 damnum
358 1509 548 1586 navigantium
558 1525 608 1581 per
618 1525 706 1575 mare,
719 1517 749 1565 ut
758 1516 789 1564 tu
799 1511 924 1581 putasti,
934 1527 975 1566 ne-

175 1606 229 1659 que
241 1587 431 1660 agricolarum,
444 1586 492 1640 sed
504 1587 534 1639 in
544 1585 692 1641 utilitatem
702 1586 786 1641 totius
797 1587 887 1641 nostri
899 1604 976 1660 gene-

176 1665 215 1717 ris
225 1662 294 1717 daus
305 1661 380 1717 fecit.
419 1660 507 1732 Aquis
519 1661 594 1715 enim
603 1669 703 1715 terram
712 1667 813 1733 purgat
822 1667 974 1735 totumque,

176 1737 251 1809 quod
265 1737 318 1790 sub
334 1735 399 1791 luna
410 1744 451 1790 est
459 1736 596 1806 spatium,
618 1744 713 1791 vento:
735 1744 856 1806 utroque
866 1737 977 1793 istorum

176 1812 326 1867 animantia
336 1827 367 1864 ac
377 1811 485 1880 plantas
498 1808 535 1885 [Ἴ
548 1811 613 1875 alit,
626 1819 708 1883 auget
718 1818 745 1865 et
754 1810 876 1881 perficit.
904 1812 977 1880 Quod

174 1889 200 1942 si
214 1903 264 1958 pro
277 1893 438 1955 tempestate
449 1886 612 1959 navigantes
623 1886 799 1957 calentesque
812 1894 919 1943 terram
933 1887 978 1943 ali-

175 1961 286 2035 quando
295 1958 422 2024 offendit,
439 1961 541 2015 mirum
552 1961 637 2031 nihil;
655 1962 757 2034 exigua
770 1961 846 2014 enim
857 1979 926 2033 pars
937 1963 977 2017 isti

175 2045 253 2100 sunt,
269 2050 334 2091 cura
349 2052 414 2090 vero
424 2036 507 2091 totius
518 2037 628 2108 generis
639 2044 680 2091 est
694 2036 838 2090 hominum
849 2036 978 2109 deorum-

174 2110 289 2184 que**).
328 2109 566 2179 Quemadmodum
575 2112 661 2183 igitur
671 2112 700 2165 in
710 2110 826 2166 thermis
841 2120 871 2165 et
886 2113 918 2169 in
933 2130 978 2186 gy-

174 2188 281 2243 mnasio
290 2186 442 2257 oleumpro
452 2187 581 2241 unctione
586 2186 698 2258 ponitur
707 2184 741 2240 ad
749 2184 912 2253 utilitatem,
923 2204 979 2243 sae·

175 2281 211 2335 pc
222 2271 313 2319 umen
319 2262 430 2326 accidit,
437 2269 467 2317 ut
477 2269 533 2317 tam
542 2261 691 2334 gymnasii,
698 2277 782 2331 quam
791 2259 891 2317 balnei
901 2280 979 2335 prae-

174 2340 284 2409 positus
295 2337 331 2392 oh
343 2336 441 2392 civiles
450 2337 569 2391 rationes
580 2344 726 2391 consuetae
736 2334 819 2389 horae
830 2339 979 2393 mutaverit

175 2412 310 2477 ordinem,
319 2406 491 2484 proindeque
502 2410 687 2468 destituantur¹
697 2409 834 2475 nonnulli,
844 2413 899 2483 qui
909 2413 979 2469 sole-

224 2583 246 2629 ·)
256 2583 446 2632 cummanum
455 2580 560 2621 Graecum
568 2592 597 2621 ex
605 2582 699 2623 Eusebio
709 2592 774 2631 supra
782 2581 843 2621 Tem.
852 2580 894 2623 VI.
903 2594 926 2632 p.
936 2586 980 2623 tw.

173 2642 387 2733 mqulpepqutllq
397 2644 582 2734 offlsmw’
601 2645 657 2685 stent
670 2648 692 2685 et
704 2646 726 2685 ln
739 2643 881 2692 sequentibus
895 2646 981 2686 mm-
