2050 3100
84 183 205 251 [mitt]
270 189 311 234 IN
330 187 507 234 GENESIN.
536 188 663 234 SERMO
682 190 724 237 lv.
850 184 897 236 ⁴05

84 298 143 347 tate
157 306 271 353 eorum,
297 290 348 360 qui
367 288 499 343 derelicta
516 290 619 343 virtute
640 302 676 341 ex
687 286 721 359 (s.
735 289 776 363 in)
791 291 898 347 malitia

85 365 281 421 deambulant.
331 362 516 430 Quamobrem
535 363 612 419 locus
633 365 684 435 qui
707 364 898 423 honorabilem

85 440 210 512 praefert
224 439 413 503 honestatem,
439 438 516 511 viget
532 445 560 492 et
573 439 663 511 magis
677 456 709 493 ac
723 442 817 514 „magis
832 459 898 498 con-

87 518 222 579 struitur,
254 514 346 585 turpis
369 504 460 568 susem
479 512 665 578 subvertitur,
695 514 848 571 destruitur
867 536 899 573 ac

87 588 450 661 cormmpituralsgitimis
459 587 622 643 bominibus
632 589 810 661 populisque.
840 593 898 648 lmo

90 665 163 721 stab
173 667 239 737 ipso
251 663 391 718 dominico
402 662 486 719 verbo
496 662 730 734 abominationem
742 666 832 730 subit,
853 679 899 723 ut-

88 748 153 811 pote
173 740 285 795 iuturae
306 737 408 793 deiude
428 738 620 810 generationes
640 748 802 796 moneantur
821 744 898 797 nullo

89 814 171 871 modo
182 830 362 887 praesumere
375 829 457 884 opera
470 812 587 885 indigna
601 821 772 884 perpetrare,
793 817 896 873 similia

89 891 226 945 nimirum
237 888 394 944 maledictis
405 888 564 942 calamitose
574 888 639 960 igne
650 893 843 957 concrematis,
869 903 898 947 ut

89 966 198 1037 quippe
209 964 280 1020 visis
292 964 429 1019 sociorum
442 962 554 1018 casibus
568 962 745 1034 deplorandis
758 968 899 1041 corrigen-

91 1050 135 1095 tur
144 1049 173 1096 et
184 1040 331 1115 ingenium
342 1046 538 1109 assequantur,
560 1046 641 1110 atque
653 1056 720 1110 prae
730 1040 841 1106 timore,
864 1061 898 1097 ne

91 1116 210 1171 eandem
220 1116 361 1186 patiantur
371 1114 552 1185 sententiim,
566 1115 742 1168 coerceantur
753 1114 787 1169 ab
797 1116 898 1172 iisdem

90 1191 218 1245 moribus
229 1189 392 1262 impietatis.
431 1188 567 1255 Quoniam
577 1188 603 1243 si
614 1188 682 1243 baec
692 1199 835 1245 cernerent
849 1192 899 1247 bo-

91 1268 183 1322 mines
206 1282 262 1319 non
283 1264 406 1336 corporis
426 1263 530 1328 oculis,
561 1264 611 1318 sed
632 1264 725 1335 potius
745 1263 897 1331 intellectu,

91 1348 307 1396 transmutarent
322 1338 443 1412 prolecto
460 1355 523 1393 sese
541 1339 570 1393 in
591 1339 735 1414 virtutem,
758 1338 796 1393 ita
809 1349 853 1405 ut,
875 1343 900 1395 si

92 1434 145 1472 non
156 1432 285 1471 sermone
294 1414 541 1487 persuaderentur,
562 1414 660 1469 saltem
670 1413 791 1469 violento
802 1416 900 1471 timore

92 1491 254 1560 inevitabili
263 1490 409 1546 sanitatem
418 1490 519 1543 mentis
529 1488 585 1543 sibi
595 1488 783 1545 conciliarent.
816 1492 899 1547 Dixe-

92 1570 127 1623 rit
141 1569 228 1624 etiam
243 1567 359 1638 aliquis,
381 1565 525 1637 duplicem
540 1567 679 1620 exstitisse
695 1567 724 1620 in
739 1573 810 1622 terra
823 1569 900 1624 indi-

91 1661 152 1698 cem
177 1642 342 1706 notabilem,
355 1640 538 1718 ·paradisum
561 1640 693 1695 videlicet
712 1647 739 1695 et
758 1644 899 1715 regionem

92 1719 285 1781 Sodomaeam,
298 1733 415 1789 quorum
426 1716 535 1787 primus
546 1733 561 1769 a
571 1716 709 1787 principio
718 1733 836 1772 coaevus
847 1719 900 1774 luit

93 1793 197 1848 mundo
215 1791 340 1856 condito,
363 1790 503 1846 secundus
521 1807 586 1844 vero
604 1798 742 1863 postremo
760 1800 896 1864 tempore:
928 1851 932 1863 ,

95 1869 227 1940 quoniam
237 1868 327 1922 virtus
337 1868 413 1939 prior
427 1874 468 1920 est
479 1881 510 1920 ac
525 1866 612 1919 maior
621 1873 687 1921 natu
698 1874 725 1921 et
737 1863 773 1942 [Ἴ
786 1877 899 1924 naturae

93 1961 175 2016 opera
187 1943 223 1998 ab
233 1943 329 2006 initio,
350 1942 457 1997 malitia
467 1957 533 1995 vero
546 1941 639 1995 iunior
649 1936 690 1995 eit
700 1949 730 1996 ut
738 1959 808 2014 puer
818 1953 898 2000 natus

93 2017 273 2092 postmodum
285 2017 320 2073 ab
331 2018 423 2072 animo
432 2014 579 2088 insipienti
589 2024 615 2071 et
625 2016 738 2072 iniusto.

97 2219 145 2271 Cor
167 2219 296 2284 respiciens
319 2235 379 2269 osor
405 2219 454 2268 eius
475 2227 614 2279 retrorsum,
647 2221 734 2282 effecto
757 2229 792 2269 eet
817 2231 899 2271 statua
987 2275 989 2280 .

170 2287 242 2352 solis,
270 2303 317 2336 nort
334 2295 413 2338 autem
430 2285 529 2336 alterius
547 2286 676 2348 materias?
702 2292 755 2351 (19,
766 2289 821 2353 26.)

149 2425 193 2480 52,
214 2422 317 2476 Littera
328 2421 443 2477 evidens
454 2419 600 2476 estvslde.
639 2421 774 2488 Quoniam
784 2423 899 2478 manda-

97 2504 191 2552 verant
202 2497 295 2569 angeli
306 2514 361 2552 uon
370 2496 461 2552 redire
471 2497 501 2550 in
510 2504 634 2568 tergum,
647 2513 721 2568 quae
730 2505 900 2568 transgressa

98 2581 138 2626 est
156 2571 333 2636 mandatum,
357 2589 475 2645 poenam
493 2581 692 2642 consequenter
710 2570 775 2634 luit,
801 2588 900 2640 quam-

99 2662 180 2716 quam
191 2663 247 2701 non
257 2647 373 2702 eandem
384 2665 448 2703 cum
458 2645 591 2702 Sodoma:
613 2645 662 2698 illa
676 2644 752 2696 enim
766 2644 900 2712 sulphure

101 2731 125 2775 et
138 2722 204 2795 igue
220 2731 348 2795 corrupta
361 2731 416 2788 est,
442 2720 544 2778 mulier
558 2727 649 2775 autem
663 2718 717 2772 iste
733 2724 854 2772 mutatur
871 2720 900 2770 iu
