2050 3100
163 183 197 236 dd
387 185 572 233 rumorem
595 183 731 252 runem
881 183 913 250 [1,
925 181 964 247 tt]

163 289 290 346 rentibus
304 288 393 363 signis
406 286 452 344 vel
466 294 547 342 antea
561 287 715 357 conceptis,
736 303 789 357 pro
804 289 918 344 naturis
928 290 967 344 in-

163 363 322 438 quirendis¹
338 365 377 420 ita
386 371 471 426 utea,
486 377 558 433 quae
567 362 628 416 sine
638 361 758 416 clamore
769 365 916 420 sermonis
925 364 966 418 fir-

164 441 251 496 miore
265 440 335 494 teoto
349 438 473 494 veritatis
487 443 625 501 onustant,
650 453 699 508 pro
713 444 789 493 certo
805 448 965 512 argumento

163 517 271 587 possint
278 512 370 570 sumi?

217 641 260 694 59.
281 636 478 692 diuturnas.
498 635 592 692 Facile
601 635 715 707 quidem
726 643 795 702 erat,
807 637 892 708 quod
902 640 965 693 scias

163 713 263 778 velim.
282 711 403 784 singulis
416 711 545 772 resistere
559 709 655 778 dictis3
690 727 724 766 ne
739 719 836 766 tamen
853 713 964 770 verbum

164 787 248 843 verbo
257 794 432 842 annectentes
442 786 542 842 iisdem
553 785 680 840 derebus
691 786 864 858 prolixiores
876 791 908 844 in
915 806 965 843 ser·

164 880 244 918 mone
258 862 419 925 videamur,
439 861 475 917 ad
488 861 632 933 sequentia
649 860 866 919 transferamur.
906 863 964 920 lixi·

162 955 260 1010 gamus
271 938 404 992 nimirum
414 938 654 1009 antesignanorum
665 953 681 990 a
691 944 717 991 te
727 937 865 1030 ratippes.

219 1067 262 1118 60.
273 1061 456 1130 Quamobrem
465 1067 543 1116 vasto
552 1063 582 1116 in
592 1060 684 1116 medio
693 1062 896 1118 universorum
908 1081 963 1120 oon-

163 1139 250 1194 ditam
269 1140 357 1195 erexit
375 1147 489 1202 terram,
509 1154 593 1208 supra
607 1153 637 1192 se
652 1137 801 1192 habentem
816 1141 925 1205 maria,
944 1149 964 1192 et
995 1155 996 1216 t

163 1214 316 1270 concedens
335 1223 422 1269 terrae
439 1211 560 1284 spatium
580 1212 747 1276 seeundum,
768 1214 867 1268 ae'rem
888 1233 965 1287 snper
995 1219 996 1228 *

163 1307 249 1362 aquas
258 1291 379 1352 elevans,
391 1305 454 1344 eum
464 1303 575 1341 sursum
587 1285 709 1342 delatum
718 1303 809 1357 usque
821 1289 861 1344 ad
876 1287 915 1366 [Ἴ
927 1308 966 1344 ae·

162 1365 270 1425 tberem
278 1363 420 1420 extendit?
438 1362 517 1430 Quod
528 1379 592 1416 vero
605 1361 710 1418 anobis
721 1361 863 1436 (fortasse)
876 1365 966 1420 audire

163 1441 263 1504 vultis,
280 1449 388 1512 praesto
398 1447 439 1494 est
449 1454 627 1510 responsum:
650 1437 822 1509 ,necessitate
834 1439 967 1496 videlicet

162 1514 281 1586 quadam
296 1524 410 1571 naturae
425 1513 528 1572 leviora
537 1530 559 1575 ¹a
573 1512 748 1587 gravioribus
763 1529 886 1571 sursum
906 1515 967 1589 peili

162 1591 288 1661 contigit.
328 1590 450 1645 Occultis
461 1600 551 1645 autem
561 1598 662 1645 certam
675 1589 779 1645 faciunt
790 1588 885 1647 fidem
894 1592 967 1653 baec,
995 1618 996 1633 ι

162 1680 234 1735 qnae
248 1672 313 1719 sunt
326 1664 481 1722 manifesta.
522 1664 639 1723 Situlam
654 1666 679 1720 si
693 1664 756 1736 quis
771 1680 847 1735 aqua
859 1667 970 1739 plenam

161 1756 288 1801 sumens,
318 1739 411 1794 oleum
435 1741 461 1795 ei
480 1738 681 1812 superfundere
700 1755 876 1811 arenamque
894 1744 968 1805 vetit.

161 1830 243 1867 arena
249 1811 370 1868 'inferius
380 1813 451 1880 abit;
470 1815 563 1869 oleum
574 1823 664 1870 autem
674 1831 757 1886 supra
767 1824 891 1886 perstat,
903 1824 969 1893 aqua

161 1905 226 1943 vero
236 1888 360 1943 medium
370 1888 475 1943 obtinet
484 1891 615 1961 spatium.
635 1890 745 1945 Etenim
755 1906 839 1961 aqua,
854 1892 970 1967 eoquod

163 1964 249 2017 levior
259 1964 296 2018 sit
305 1970 413 2017 terrena
422 1964 545 2029 materia,
558 1982 669 2019 sursum
680 1972 738 2035 acta
748 1964 857 2021 resilit:
882 1986 970 2041 quon-

161 2040 216 2092 iam
227 2054 292 2093 vero
302 2039 413 2111 gravior
421 2038 483 2093 oleo
491 2048 546 2103 est,
563 2039 616 2093 sub
628 2038 730 2095 leviore
745 2041 861 2111 cogitur
877 2044 970 2099 subsi-

162 2114 237 2168 dere.
275 2112 377 2168 Eodem
393 2113 474 2169 modo
487 2122 514 2169 et
527 2114 625 2169 mundi
635 2114 725 2185 pa'rtes
735 2114 810 2171 affici
820 2118 968 2179 videntur,

161 2198 193 2245 ut
202 2190 272 2244 dieit
280 2189 475 2261 Empedocles
498 2188 710 2246 Disoedentibus
721 2190 797 2245 enim
808 2190 844 2245 ab
858 2195 971 2251 aethere

162 2274 244 2320 vento
259 2273 286 2321 et
300 2266 365 2338 igne
379 2274 461 2337 atque
474 2263 646 2329 volantibus,
667 2272 727 2319 tum
742 2264 819 2319 caelo
829 2266 972 2325 latissima

162 2356 284 2411 expanso
293 2358 325 2395 ao
335 2340 454 2412 desuper
463 2338 666 2404 circumducto,
678 2340 753 2413 ignis
763 2340 815 2411 qui
825 2345 920 2411 paulo
930 2346 972 2399 in·

162 2414 244 2469 ferior
254 2416 330 2471 eaelo
340 2422 485 2478 manserat,
500 2415 562 2485 ipse
571 2430 682 2485 quoque
693 2417 722 2469 in
732 2414 826 2470 radios
836 2420 915 2475 solis
925 2420 973 2474 sd-

161 2498 257 2542 auotns
272 2499 327 2543 est:
355 2493 427 2545 terra
441 2506 508 2543 vero
522 2505 686 2544 oonourrens
701 2491 729 2545 in
745 2506 833 2545 unum
841 2496 974 2565 spatium
995 2500 996 2515 ¹

160 2568 188 2611 et
210 2565 366 2617 neeessario
389 2563 555 2618 condensata
577 2580 713 2634 apparens
737 2566 767 2621 in
786 2565 887 2625 medio
907 2579 972 2626 stat.
995 2566 996 2569 ’

160 2632 242 2688 Porro
252 2637 326 2690 eirea
336 2653 396 2691 eam
407 2636 544 2706 undique,
559 2639 693 2707 quoniam
701 2640 787 2695 nimis
797 2640 893 2699 levior
902 2656 973 2707 erat,

161 2704 282 2761 volvitur
302 2710 407 2781 absque
424 2709 573 2766 dimotione
593 2712 697 2769 aether.
741 2712 853 2781 Quietis
876 2729 976 2777 autem
