2050 3100
180 218 226 268 ets
398 220 580 269 ruinosas
604 220 741 267 runnnr
858 215 901 282 [1],
913 214 966 280 ert]

177 323 318 393 Scriptura
335 323 492 379 manifeste:
528 322 580 387 Qut
592 325 670 391 [odiet
683 326 792 390 soccum,
817 328 846 376 in
866 326 969 375 eandem

179 403 251 452 cadet
265 401 402 467 (omnm,
413 402 467 461 21).
510 396 579 452 etthi
598 412 663 449 vero
681 405 709 450 et
725 396 792 450 iusti
812 396 968 468 Sampsonie

178 471 307 526 admirari
317 472 444 527 convenit
455 488 509 526 non
520 472 612 525 minus
621 471 777 541 problema,
792 486 875 541 quam
886 480 970 526 certa-

141 583 145 591 1
177 564 240 601 men
251 546 405 609 heroicum,
420 562 453 601 eo
462 545 537 617 quod
550 546 599 617 qui
609 546 722 618 triginta
733 546 806 601 viros
818 545 902 601 fortes
913 560 971 601 cae-

177 620 231 683 dit,
256 638 357 691 eosque
371 628 426 674 tem
441 622 560 676 viriiiter
573 621 723 693 percussit,
745 628 775 675 ut
787 637 877 691 neque
891 622 972 677 vesti-

177 705 268 750 menta
282 712 375 750 eorum
390 695 567 766 depravasset
581 712 630 767 per
641 696 785 769 sanguinis
800 694 968 758 effusionem,

178 772 276 843 potiori
296 770 457 825 dexteritate
476 788 560 827 unam
579 770 692 825 domum
708 770 848 831 destruere
861 770 971 826 destru-

126 849 133 864 '
177 846 283 901 entium
297 853 413 917 poterat,
434 845 624 917 impudentem
638 846 781 901 victoriam
796 860 893 901 eorum
910 862 970 900 cau·

177 938 236 975 eam
247 919 351 977 iaciens
360 920 494 975 enecandi
504 920 581 975 iilos:
598 919 627 974 id
638 928 728 975 tamen
739 921 763 975 si
774 919 902 985 iecisset,
921 931 969 975 tam

178 993 216 1072 [Ἴ
232 996 364 1051 damnum
379 996 497 1051 mulctae
511 995 607 1049 timere
621 1004 775 1066 putaretur,
801 1010 889 1065 quam
903 996 969 1068 pacti

177 1073 307 1128 terminos
315 1080 516 1144 transgressum
529 1069 626 1125 fuisse.
771 1088 774 1095 ·

174 1189 177 1195 ’
232 1180 274 1233 45.
295 1173 371 1232 Vidit
383 1176 664 1249 crgceicutsapiens‚
685 1174 821 1247 quomodo
831 1174 969 1231 indemnis

177 1260 345 1317 servaretur,
366 1261 393 1307 et
407 1251 496 1307 fidelia
512 1266 576 1323 erga
590 1250 664 1323 pacti
676 1250 778 1305 socios:
799 1252 925 1306 externis
940 1249 969 1304 de

176 1330 260 1383 rebus
274 1328 347 1399 pacti
361 1328 469 1383 lucrum
483 1326 587 1381 iaciens
601 1324 813 1397 indemnesque,
834 1332 866 1378 ut
882 1327 923 1381 ita
932 1325 969 1380 di·

177 1420 251 1466 cam,
271 1403 406 1458 lucrantes
420 1418 548 1466 servans,
567 1400 751 1455 redditionem
765 1401 837 1471 pacti
847 1401 969 1471 postula-

177 1485 231 1532 tam
243 1486 389 1533 exsecutus
398 1485 448 1533 eet.
481 1476 613 1543 Qamvis
624 1477 698 1530 enim
708 1476 838 1530 maiorem
848 1476 968 1547 isti„qui

175 1569 225 1624 per
233 1552 328 1607 dolum
340 1554 480 1616 vicerunt,
496 1553 703 1624 castigationem
713 1551 867 1615 merebant,
887 1551 968 1608 cedei

175 1627 224 1697 qui
234 1626 360 1682 devictus
371 1627 436 1690 tuit,
448 1628 478 1681 id
488 1636 597 1700 tempus
607 1628 657 1682 vix
667 1635 724 1681 erat
732 1635 934 1699 opportunum,
944 1629 969 1682 in

175 1710 296 1772 tempore
309 1701 502 1757 debeiiationis
516 1718 583 1758 suae
597 1701 749 1758 vindictam
762 1717 859 1773 capere
877 1702 916 1758 de
930 1703 969 1756 vi-

175 1784 257 1830 ctore.
296 1775 351 1830 Sed
360 1777 410 1847 qui
419 1778 510 1831 victus
521 1786 575 1842 est,
596 1777 694 1849 impiet
706 1785 817 1849 paetum
827 1783 968 1832 statutum.

173 1850 244 1917 Quia
262 1859 327 1904 vcro
345 1858 512 1904 transactum
530 1851 619 1922 iuerat
637 1861 745 1923 tempus
766 1850 908 1907 vindictae
928 1869 970 1907 ca·

170 1923 305 1997 piendae‚
325 1925 395 1979 haec
406 1924 470 1979 fec-it
479 1925 628 1999 Sampson:
650 1927 757 1982 reddito
767 1928 807 1982 eis
817 1935 898 1998 pacto
909 1945 970 1999 per-

173 2000 299 2070 fectoque
320 2000 455 2073 legitimo,
485 2009 626 2074 tamquam
649 2003 774 2058 devictus
796 2003 826 2056 in
844 2004 969 2073 pactione

174 2077 251 2129 iuxta
260 2091 431 2130 communem
442 2075 656 2143 confessionem,
676 2076 851 2150 postmodum
860 2084 968 2149 tempus

173 2159 356 2222 opportunum
365 2153 478 2223 reperiit
487 2153 641 2207 ulciscendi
653 2153 810 2207 iniuridsos.
837 2153 968 2224 Necergo

174 2227 202 2280 in
213 2234 334 2298 tempore
343 2229 416 2299 pacti
426 2229 527 2282 iniuria
539 2228 627 2282 socios
639 2227 775 2290 afficiens,
791 2226 913 2281 infidelis
926 2244 969 2281 ac-

160 2311 284 2356 ·cusatus
298 2311 352 2366 est,
372 2319 460 2374 neque
471 2312 532 2374 post
541 2311 649 2374 tempus
660 2302 761 2358 cedens
774 2303 828 2366 eis,
849 2303 967 2374 ignavus

173 2385 213 2432 est
227 2377 394 2432 diffamatus:
416 2378 466 2432 sed
480 2377 554 2449 quod
569 2378 683 2434 decebat
696 2379 861 2449 sapientem,
883 2375 967 2431 simui

172 2453 255 2506 etiam
265 2454 367 2507 iustum
377 2470 427 2507 nec
437 2453 527 2507 dando
543 2452 673 2508 damnum
686 2470 786 2525 passus
801 2460 855 2516 est,
877 2466 966 2523 neque

172 2526 323 2582 decidendo
341 2527 456 2581 aliorum
474 2535 593 2596 partem,
622 2527 769 2582 illiberalis
787 2527 966 2600 ingratusque

171 2600 282 2655 habitus
292 2609 346 2666 est;
360 2618 409 2656 nec
420 2602 510 2654 laesus
520 2603 580 2671 ipse
589 2601 711 2656 reddidit
721 2601 867 2664 ultionem,
876 2616 966 2672 neque

172 2673 330 2801 laedcbptur
348 2673 403 2744 (vei
418 2674 552 2748 laedebat)
566 2675 739 2740 ulciscendo,
763 2677 812 2731 sed
826 2675 965 2732 medicum

170 2757 266 2802 cuncta
288 2755 357 2803 atur.
