2050 3100
178 579 309 664 jun
360 549 893 666 rnovrnn'nrra

350 751 410 815 An
442 750 769 814 ALEXANDRUM

427 936 611 989 annuo
635 899 688 988 '1'1.
754 983 760 996 ,

825 1025 958 1091 [auu]

216 1128 240 1179 l.
263 1121 299 1198 [*]
316 1125 419 1178 Pauo.
448 1105 619 1178 Diluculum
635 1121 725 1175 adhuc
738 1129 780 1176 est
795 1121 902 1194 altum,
923 1125 958 1178 ita

157 1208 189 1258 ut
203 1199 285 1254 amici
300 1199 373 1254 solos
387 1197 494 1253 amicos
504 1213 536 1250 ao
549 1195 766 1268 consanguineos
779 1207 956 1270 cognoscant,

157 1291 227 1346 quos
242 1274 298 1328 sibi
312 1273 409 1328 obvios
424 1272 521 1327 adesse
536 1278 661 1325 cernunt.
698 1270 757 1343 Ego
775 1278 870 1326 tamen
882 1289 959 1329 nunc

157 1349 240 1405 video
248 1348 337 1403 oculis
348 1349 449 1420 apertis
460 1346 536 1418 ipsos
547 1345 684 1402 amicitiae
693 1345 785 1400 radios
795 1348 881 1417 quasi
890 1349 959 1403 emi-

157 1432 260 1479 cantes.
303 1423 412 1478 Etenim
431 1422 500 1477 alios
515 1421 564 1476 rix
578 1435 689 1482 cornero
701 1427 812 1491 potens,
835 1421 959 1478 Alexan·

157 1490 238 1554 drum
248 1515 340 1554 meum
353 1515 390 1553 ex
404 1496 554 1570 longinquo
568 1502 641 1550 certa
655 1494 795 1560 discerno,
815 1497 867 1567 qui
882 1499 960 1555 venit
1012 1463 1013 1542 l

158 1574 193 1628 ad
206 1590 257 1627 nos
270 1573 408 1637 fortassis,
427 1580 459 1627 ut
471 1570 579 1635 audiat,
600 1570 715 1642 quasde
724 1570 906 1641 providentia
917 1573 960 1627 di-

157 1648 243 1702 cenda
257 1655 415 1719 supersunt.
452 1644 526 1712 Quid
540 1646 614 1700 enim
624 1645 700 1699 aliud
709 1652 815 1716 oportet
824 1650 957 1721 cogitare,
1011 1606 1012 1689 l

157 1738 243 1793 quum
261 1722 384 1793 speciem
401 1722 462 1793 ipsa
480 1736 546 1792 prae
565 1737 595 1773 se
615 1718 683 1774 ferat
700 1728 842 1791 tamquam
856 1722 890 1777 id
905 1724 961 1779 iarn

156 1804 392 1867 praemonentem,
414 1796 449 1852 ad
461 1794 536 1867 quod
551 1792 679 1849 festinat?
706 1795 801 1866 Itaque
814 1797 897 1867 quod
911 1798 961 1871 qui

156 1868 212 1923 sibi
222 1870 343 1923 invisam
352 1878 498 1925 occurrunt
508 1868 597 1924 lacera
611 1868 713 1934 solent,
734 1886 835 1942 nempe
850 1880 885 1927 ut
900 1890 962 1928 sese

157 1944 296 2015 excipiant
305 1944 405 2008 amica,
422 1944 452 1999 id
462 1944 532 2008 mihi
542 1960 653 2015 quoque
663 1944 801 2017 agendum
811 1954 864 2001 est.
897 1948 963 2021 (lta-
1009 1944 1010 1982 l

156 2012 221 2089 q'ue)
230 2016 385 2076 Alexander
394 2020 443 2083 mi,
456 2036 507 2075 ave
517 2014 696 2091 magnopere!
718 2016 774 2074 Sed
783 2020 889 2093 utquid
900 2031 962 2078 tan-

157 2100 215 2146 turn
226 2091 396 2149 desiderium
406 2093 560 2149 iucundum
570 2090 705 2159 attulisti?
1008 2082 1009 2128 l

210 2205 236 2257 2.
260 2198 506 2275 [quaestuosa
528 2202 709 2268 Feriuntmc,
725 2201 845 2265 oPhilo,
861 2202 903 2257 de
919 2203 961 2257 his
1007 2212 1008 2274 t

156 2276 240 2331 rebus
255 2276 457 2332 sollicitudines
471 2293 526 2330 nou
541 2292 660 2348 paucae,
681 2292 752 2348 quas
767 2292 811 2330 me
826 2292 962 2333 somnum

157 2368 254 2423 capere
273 2350 349 2407 haud
368 2352 472 2405 sinunt.
511 2350 658 2423 Siquidem
676 2368 774 2423 parum
788 2350 866 2407 abest
890 2354 962 2425 quin
1006 2362 1007 2422 l

157 2419 262 2491 (licam,
284 2434 367 2488 totam
382 2442 425 2486 me
439 2432 547 2482 noctem
556 2426 672 2499 vigilem
682 2426 862 2499 transegisse,
887 2444 962 2499 quae

157 2518 172 2551 a
188 2500 268 2555 nobis
283 2500 418 2556 ambobus
431 2500 505 2554 dicta
519 2500 629 2574 sunt*),
650 2502 845 2556 ruminantem.
889 2502 963 2557 Nam
1005 2558 1006 2567 ,

158 2581 185 2626 et
207 2574 377 2631 continenter
400 2591 431 2628 ea
453 2574 524 2628 mihi
546 2573 713 2630 videbantur
732 2576 860 2631 insonare
882 2578 965 2631 auri-

206 2738 228 2783 ¹)
241 2739 374 2780 Anterlorsm
385 2752 478 2790 namque
491 2716 611 2784 sermonem
624 2756 637 2784 a
649 2746 740 2787 Philone
752 2748 775 2787 ln
787 2756 827 2787 m
835 2750 966 2796 omnus
1003 2742 1004 2777 l

155 2789 318 2831 sermocinatum
332 2793 432 2838 supponit
444 2792 573 2833 Alexander.
598 2795 679 2836 Aaou.
1003 2778 1004 2862 l
