2050 3100
11 250 105 316 [uita]
185 257 226 302 IN
244 257 416 344 Exoquum
436 257 565 304 SERMO
585 260 604 304 1.
751 253 814 307 3⁴7.

12 373 132 428 contraria
147 371 183 428 ad
199 371 307 445 aliquid
321 374 377 429 sibi
395 374 614 446 providendum3
645 377 690 431 sin
709 385 802 434 autam

13 446 119 502 secunda
133 448 270 513 obtineat,
284 445 321 524 [¹³]
333 449 405 504 nihil
421 450 466 504 vel
481 451 616 522 exiguum
629 453 741 506 omnino
756 451 803 507 lu-

12 535 77 574 orum
90 539 106 576 a
119 522 263 578 salutifera
281 523 442 594 acquiritur.
482 525 534 578 Per
552 525 620 580 istas
638 526 756 581 virtutes
774 536 802 582 et

13 594 118 651 nundus
128 598 278 653 universus
289 597 378 653 iaetus
388 606 438 652 est.
464 598 569 662 Vocant
578 607 670 655 autem
680 618 726 656 eas
737 601 800 656 aliis

14 669 84 723 etiarn
101 671 262 726 nominihus
281 671 467 736 salutiferam,
496 681 635 744 potentem
650 684 678 730 et
696 675 801 729 benefi-

14 758 75 811 cam;
112 748 277 801 contrariam
298 764 364 802 vero
387 748 552 802 immensam
574 757 602 804 et
625 749 800 804 damniiieam

15 815 41 885 (s.
55 821 256 894 corruptivam).
295 820 374 876 Unde
389 823 430 877 soi
445 831 472 877 et
491 822 557 878 iuna
577 832 802 896 caeterarumque

15 891 139 950 stellarum
153 897 226 952 situs
240 897 435 958 convenientes
445 897 472 954 et
481 897 622 959 ordinatae
632 899 749 954 virtutes
760 907 802 953 at-

15 979 59 1033 que
66 970 224 1026 universum
234 970 342 1025 eaelum
353 971 388 1026 ab
398 979 514 1043 utroque
524 973 671 1026 exsistunt.
695 972 801 1044 Aequi-

16 1040 72 1094 ritur
81 1051 168 1100 autem
177 1044 279 1100 melior
292 1062 387 1100 eorum
398 1062 477 1117 pars,
498 1046 610 1116 quando
625 1046 732 1118 subigit
746 1048 801 1102 im-

15 1128 120 1171 mensam
129 1119 207 1175 illam
219 1128 345 1175 naturam
356 1137 388 1176 ao
400 1119 577 1175 damniticam
591 1119 734 1175 saiutifera
748 1122 801 1177 ista

18 1195 38 1239 et
49 1188 171 1249 benefica.
211 1193 385 1266 Quapropter
399 1204 425 1250 et
434 1195 492 1258 illi,
509 1195 559 1265 qui
570 1194 732 1249 huiusmodi
741 1212 801 1249 sor-

16 1261 50 1314 titi
58 1274 116 1321 sunt
127 1276 269 1333 naturam,
283 1269 367 1324 simul
378 1270 483 1340 quique
493 1268 669 1340 postmodum
679 1270 802 1325 sortiun-

16 1341 241 1400 unimammas
255 1342 418 1407 redduntur.
453 1345 556 1400 Verum
565 1359 654 1415 genus
664 1349 802 1414 tempera·

17 1411 92 1486 illust)
110 1425 149 1472 est
167 1434 203 1473 ex
223 1417 372 1481 ambobus,
397 1417 535 1489 aquibus
560 1424 586 1472 et
610 1416 716 1471 eaelum
737 1417 802 1471 uni-

17 1497 150 1561 versusque
165 1492 289 1547 mundus
310 1492 361 1546 hoo
381 1508 525 1565 sumpsere
544 1498 799 1564 temperamentum.

18 1554 186 1623 Quandovero
197 1567 335 1623 redundet
344 1567 443 1622 mixtio
457 1568 537 1631 mali,
560 1568 626 1622 hine
641 1568 746 1623 vivitur
760 1566 802 1622 ai-

18 1626 180 1709 flictionibus,
201 1642 326 1707 damnis,
349 1642 455 1709 vilitate
475 1641 508 1715 (s.
526 1641 708 1716 contemptu),
728 1642 799 1706 rixa,

19 1702 100 1776 hellis,
119 1716 277 1772 infirmitate
292 1718 428 1788 corporis,
450 1716 534 1789 simul
550 1726 641 1772 autem
650 1726 678 1773 et
687 1717 801 1772 caeteris

19 1778 213 1847 adversitatibus
234 1793 417 1847 humanarum
437 1808 544 1855 rerum,
568 1793 641 1847 sicut
654 1792 684 1846 in
697 1791 801 1847 mundo

18 1855 142 1928 universo,
161 1867 203 1921 sio
224 1876 250 1921 et
269 1868 298 1921 in
317 1866 439 1921 homine.
478 1867 551 1921 liaeo
568 1867 661 1937 itaque
681 1867 802 1921 mixtura

19 1938 152 1993 emmonis
162 1940 340 2013 estimprobo
350 1941 519 2011 etsapienti,
540 1940 590 1996 sed
604 1958 659 1995 non
669 1942 756 1996 simili
766 1940 800 2013 (s.

20 2002 109 2080 eodem)
122 2014 213 2071 modo.-
245 2016 376 2087 quoniam
391 2015 551 2085 insipientis
565 2016 657 2069 anima
671 2016 736 2086 plus
751 2015 802 2069 ha-

20 2071 95 2134 hetdo
103 2084 233 2145 immensa
243 2090 292 2145 illa
303 2088 464 2152 damnifica,
485 2105 569 2160 quam
585 2090 619 2143 de
633 2098 743 2161 potente
756 2106 802 2143 sa-

21 2144 127 2222 lotifero,
147 2180 209 2218 nam
223 2161 325 2221 mise're
335 2163 520 2219 cohabitatrix
534 2161 567 2236 (s.
579 2164 733 2236 congenita)
749 2163 802 2218 fuit

22 2236 73 2299 cum
88 2238 271 2306 terrestribus3
309 2246 335 2293 at
349 2237 504 2301 modestus,
524 2237 589 2308 plus
604 2237 751 2293 admittens
766 2237 801 2291 de

22 2306 311 2377 muntestsalutifera,
332 2321 425 2368 eontra
434 2312 560 2383 possidet
573 2312 603 2375 in
619 2328 648 2366 ss
664 2311 801 2369 fortunam

23 2382 114 2449 Simque
127 2399 157 2439 ao
173 2384 344 2451 felicitatem,
370 2386 548 2449 circumlatus
567 2402 707 2447 unacum
726 2386 802 2440 caelo

22 2454 85 2501 ”¹¹2³
102 2461 287 2528 cognationem
304 2462 338 2517 ad
353 2460 436 2516 iliud.
474 2460 584 2532 Optime
604 2461 698 2531 itaque
717 2458 798 2513 dicit:

24 2513 71 2573 Not
82 2532 142 2583 aaut
152 2550 327 2601 percussorem
342 2540 444 2605 inpositi
458 2539 561 2589 domum
573 2544 687 2595 vestram
699 2536 734 2585 ad
747 2535 802 2585 lae·

24 2589 128 2669 dandum
148 2608 221 2676 quod
231 2628 327 2682 reapse
336 2612 437 2683 agitur.
467 2610 562 2666 Virtus
571 2600 728 2678 eninfquae
736 2621 802 2675 per-

26 2708 213 2743 &a
406 2706 410 2713 .
778 2720 781 2723 ,

67 2772 361 2839 'iffmltraemttfflom
388 2792 468 2833 Anah.
