2050 3100
159 200 191 252 32
283 201 385 247 PHIL'.
405 199 481 245 IUD.
500 197 661 256 Quansn.
680 197 729 242 ET
749 196 826 242 SOL.
845 191 959 259 [naon]

163 349 228 407 Quid
248 357 283 398 ast
303 345 376 410 „ffic
398 346 441 394 en't
463 346 564 409 cyreniu
587 344 665 406 homo,
696 360 778 392 manoe
799 344 865 395 huius
887 323 961 408 saper

228 431 305 464 omnes
332 423 356 462 et
380 429 463 461 montes
488 412 587 460 omnium
613 427 684 474 saper
709 410 788 473 istam,
826 421 848 461 et
874 423 960 462 contro
1018 451 1019 460 ,

227 497 305 530 omnes
315 479 411 545 fratrer
426 495 481 528 euos
499 476 655 527 habitantur
673 477 725 542 (16,
748 479 800 538 12.)

214 599 258 655 33.
287 594 331 651 Ad
345 595 464 650 litteram
478 591 575 646 fratres
588 591 720 646 hactenus
735 591 900 660 nonhabet3
934 594 959 647 is
1018 638 1019 646 ,

160 672 235 726 enim
253 669 362 740 primus
379 668 471 740 coepit
483 683 546 721 esse
560 663 732 738 genitoribus
746 665 815 720 suis..
855 667 961 722 Verum
1018 649 1019 680 ¹

159 745 260 816 figuret
268 751 394 798 naturam
404 739 554 813 quamdam
563 740 647 795 nimis
657 739 903 811 occultam,quam
913 742 961 794 in·
1018 737 1019 806 ζ

133 825 139 834 ’
159 818 234 890 quiri
245 817 339 886 liceat;
364 816 473 871 futurae
483 815 558 869 enim
571 814 673 868 formae
687 813 802 886 figuram
816 816 958 889 exposuit.
1018 807 1019 828 ¹

159 892 234 947 Talis
243 899 335 946 autem
346 890 434 964 figura
445 887 587 944 evidenter
596 895 781 960 repraesentat
793 889 957 960 sophistam,
1016 903 1019 922 ¹

159 967 239 1022 cuius
253 973 340 1021 mater
355 963 473 1020 eruditio
488 971 530 1018 est
544 979 593 1017 seu
606 963 754 1034 sapientia;
787 963 848 1034 ipse
863 959 899 1038 [*]
916 971 960 1018 ta·
1011 967 1019 1030 ὦ

158 1057 222 1096 men
236 1041 359 1112 sophista
374 1039 478 1100 ferinae
496 1045 538 1094 est
557 1038 718 1092 sententiae.
757 1035 892 1102 Quoniam
910 1055 958 1092 sa-

159 1117 239 1188 piens
249 1125 280 1171 ut
289 1116 396 1179 civilis,
413 1114 477 1168 urhi
486 1120 513 1167 et
524 1110 673 1168 urbanitati
684 1109 717 1183 (s.
729 1111 834 1166 civitati
845 1119 872 1168 et
882 1112 958 1182 poli-
1018 1116 1019 1130 ¹

158 1191 239 1264 ricae)
250 1198 330 1262 aptus
339 1199 393 1256 est3
419 1189 468 1260 qui
478 1203 544 1244 vero
555 1186 629 1242 ferus
640 1193 682 1241 est
692 1203 722 1240 ac
731 1185 834 1240 ferinae
844 1193 957 1240 senten·
1014 1213 1015 1216 ¹

158 1268 226 1329 tiae,
251 1265 328 1320 illico
343 1272 370 1319 et
384 1264 494 1318 rixosus
507 1269 559 1317 est.
603 1259 691 1326 Quare
712 1260 819 1322 adiicit,
842 1259 954 1314 dicens:
1016 1263 1019 1297 i

158 1356 251 1393 manue
260 1346 315 1394 etur
326 1355 404 1405 super
416 1353 514 1400 omnes,
530 1345 554 1390 ct
566 1352 658 1388 manos
672 1339 783 1388 mnium
795 1351 872 1402 super
884 1352 955 1408 εφη,-
1018 1339 1019 1370 ἒ

159 1413 238 1481 eopia
262 1414 336 1465 enim
360 1412 492 1465 scientiae
515 1407 734 1478 eruditionisque
757 1423 825 1462 usus
848 1409 956 1462 cunctis

159 1484 331 1538 contradicit.
371 1483 450 1538 Sicut
463 1485 513 1556 qui
528 1499 602 1536 nunc
612 1483 786 1538 nominantur
796 1480 955 1537 Academici
1018 1485 1019 1516 ³

159 1567 186 1614 et
199 1559 386 1629 Inquirentes,
407 1558 517 1612 nullum
531 1558 680 1611 terminum
690 1558 838 1613 voluntatis
849 1556 882 1631 (s.
894 1558 956 1630 pla·
1018 1560 1019 1565 ’

158 1632 217 1705 citi)
231 1632 366 1686 institutis
381 1633 440 1686 suis
457 1638 612 1687 constanter
629 1632 812 1704 imponentes,
834 1632 956 1687 nullam·
1018 1628 1019 1635 ’

158 1722 214 1779 que
232 1704 415 1777 praeferentes
435 1707 506 1761 inter
527 1707 689 1763 sententiam
707 1708 787 1761 istam
801 1706 846 1761 vel
861 1707 953 1762 illam:
1018 1719 1019 1729 ¹

159 1781 308 1836 admittunt
317 1780 390 1833 enim
400 1780 590 1851 philosophari
601 1780 678 1845 illos,
698 1782 747 1851 qui
760 1780 916 1836 iaculantur
926 1782 956 1835 iu

158 1854 323 1909 sententiam
342 1854 478 1924 cuiusque
497 1862 600 1918 sectae,
626 1870 750 1925 quosque
768 1855 882 1909 ‘solitum
903 1854 956 1910 fuit

159 1929 301 1983 nominare
310 1927 459 1983 voluntatis
469 1936 672 2001 oppugnatores
683 1928 771 2001 (quasi
777 1929 955 1985 Telemaohos

159 2022 182 2056 s.
195 2002 478 2076 Telemamachos*)),
497 2004 564 2074 quia
574 2004 696 2074 primurn
706 2011 808 2057 certant
821 2012 848 2057 et
858 2002 956 2058 deien-

157 2094 232 2132 sores
243 2093 273 2132 se
285 2075 425 2134 declarant
434 2084 524 2132 sectae
530 2077 648 2149 patriae,
660 2094 695 2131 ne
706 2076 740 2131 ah
750 2078 785 2131 iis
795 2078 845 2148 qui
856 2078 955 2132 adver·
1018 2096 1019 2133 t

156 2160 265 2215 santur,
287 2153 494 2206 convincantur.
534 2151 649 2223 Cognati
668 2158 759 2205 autem
778 2160 843 2207 sunt
859 2168 955 2207 omnes

157 2233 184 2278 et
194 2226 274 2296 quasi
285 2224 381 2282 fratres
394 2225 519 2280 eiusdem
533 2226 638 2280 ventris
651 2224 775 2289 effectus,
797 2226 881 2283 unius
895 2242 955 2279 ma-

156 2298 207 2351 tris
226 2308 334 2369 partus,
364 2300 558 2372 philosophiae
577 2300 718 2353 nimirum.
758 2298 847 2364 Quare
866 2299 952 2354 dixit:

156 2370 251 2426 contra
264 2385 350 2426 omnes
365 2380 462 2443 fratrea
473 2390 534 2428 auor
546 2376 671 2427 habitabit
675 2393 685 2441 ;
717 2388 781 2428 vere
795 2374 869 2429 enim
884 2372 955 2427 Aca-

156 2444 281 2500 demicus
295 2453 323 2501 et
335 2447 492 2503 indicibilis
507 2464 545 2501 ex
565 2446 697 2502 diametro
710 2455 891 2519 ¹opponuntur
909 2463 955 2501 se-

207 2618 229 2666 “)
250 2619 297 2659 Non
319 2620 392 2667 credo,
420 2621 477 2669 qnod
498 2620 594 2659 conhrsio
616 2622 651 2659 hic
671 2620 743 2668 adque
757 2622 786 2659 sit
803 2630 852 2659 cnm
868 2622 953 2669 proprio

154 2670 396 2766 ffiaeeffglcefflacho,
411 2673 476 2719 ‚cutm
493 2670 652 2718 interpretatio:
676 2672 753 2715 flainus
767 2681 875 2720 popm,
894 2668 956 2720 τηλι-
