2050 3100
115 169 148 222 ΒΞ
241 171 339 218 PHIL.
362 169 438 216 [UD.
460 167 622 227 QUAEST.
642 168 692 214 ET
712 167 789 214 801..
810 163 924 230 [nnat]
1022 233 1024 246 k

116 290 190 330 mam
200 269 386 346 pyramidem,
402 271 447 324 air
458 275 549 326 autem
559 265 729 332 cctcsedem,
742 283 813 339 aqua
824 269 924 342 vigin-

114 348 247 412 tisedem‚
274 354 301 402 et
318 353 388 401 terra
402 344 516 399 cubum.
559 345 677 400 Necesse
696 343 791 414 itaque
810 344 925 400 censuit
1002 345 1024 406 Ϊζ

115 433 230 486 terram,
255 437 328 494 quae
343 437 402 475 sors
420 428 479 474 erat
498 419 590 473 futura
609 419 711 472 virtute
730 417 922 488 praeditorum

116 498 261 553 hominum
278 495 403 570 generis,
427 495 593 565 participare
614 509 759 548 numerum
774 491 919 558 cubicum,
1003 535 1023 570 ὲ.

117 574 190 629 sicut
208 581 235 626 et
254 571 386 626 universa
408 568 523 641 figurata
547 575 589 622 est
611 575 695 631 terra,
726 575 754 622 et
772 584 836 639 pars
857 569 922 625 eius

117 655 260 717 receptans
278 645 421 719 geniturae
439 652 546 715 partes,
577 643 643 714 quia
668 650 694 698 et
715 649 811 697 natura
830 650 923 698 terrae
999 639 1024 718 “js

118 722 218 777 fertilis
229 729 270 776 est
280 720 378 783 nimis.
390 718 481 772 varias
491 725 686 788 separataeque
696 717 803 788 species
813 716 923 788 produ·
1011 721 1024 790 :g

117 815 183 852 cens
193 796 318 852 emnium
328 793 491 850 animalium
500 792 724 864 plantarumque.

198 952 279 1012 Quare
291 962 339 1006 tate
350 951 489 1005 venuculae
498 967 571 1014 quam
581 949 698 1017 eaptitiot
705 948 841 1000 decedat

422 1018 532 1083 iabet')f
552 1019 612 1083 (ib.)

171 1126 215 1178 tto.
240 1124 342 1179 Littera
356 1120 501 1177 manifesta
521 1128 576 1189 est3
602 1127 710 1192 oportet
724 1120 798 1174 enim
819 1127 846 1173 et
863 1121 922 1174 mi·
1009 1091 1024 1122 ²

115 1199 217 1254 nistros
231 1199 335 1254 imitari
349 1197 494 1253 domiuum
511 1202 623 1267 propter
641 1195 828 1250 necessarium
846 1209 920 1266 opus
1012 1196 1024 1268 3}

115 1275 317 1346 servitiumque
327 1274 411 1328 vitae.
444 1270 487 1326 Ad
500 1277 621 1324 mentem
631 1286 697 1324 vero
706 1269 921 1325 vernaculaeia-

116 1348 193 1404 dotes
204 1358 282 1412 sunt,
297 1365 369 1419 quae
379 1356 476 1402 natura
486 1346 548 1417 ipsa
558 1352 716 1412 merentum
739 1353 767 1399 et
776 1349 916 1413 emptitiae,
1016 1400 1018 1409 χ

114 1439 187 1493 quae
196 1423 282 1477 verbo
292 1431 320 1476 et
329 1422 453 1476 doctrina
462 1422 493 1474 in
503 1420 605 1475 melius
613 1420 815 1491 vertipcssunt.
838 1419 921 1473 Utra·
1019 1465 1021 1472 .

114 1513 170 1568 que
182 1496 299 1552 istarum
310 1511 381 1567 opus
391 1495 489 1560 habet,
510 1503 541 1551 ut
554 1494 711 1569 plantarum
725 1510 800 1551 more
814 1507 921 1567 purge·
1020 1495 1022 1498 ⁴

114 1580 160 1627 tur
175 1579 202 1626 et
215 1578 341 1643 putetur,
363 1570 399 1626 ad
408 1571 536 1643 propriae
546 1586 578 1625 ac
587 1569 745 1627 fructiferae
755 1570 841 1642 partis
851 1586 921 1625 con-
1022 1572 1023 1576 ’

114 1646 258 1701 stantiam:
289 1644 394 1701 fertiles
412 1646 487 1701 enim
504 1642 764 1775 multag'qpariunt
778 1642 920 1717 superflua
1022 1644 1023 1649 ’

113 1729 226 1793 propter
236 1719 419 1785 fertilitatem,
440 1736 512 1791 quae
523 1720 600 1775 abaci
621 1720 768 1791 iexpedit;
790 1720 840 1791 qui
851 1736 920 1775 vero

115 1793 472 1860 edocenturadocteribua
492 1796 669 1851 inscientiam
679 1804 830 1867 amputant.
868 1813 873 1823 ·

164 1958 230 2017 Qm'd
237 1970 272 2011 est
280 1959 408 2027 „Eritque
418 1971 579 2013 testamentum
589 1961 758 2031 (valpertum)
767 1975 840 2007 meum
850 1959 874 2007 fn
889 2002 893 2006 .

347 2045 419 2081 curae
431 2032 551 2081 escwi
562 2031 616 2094 (rt,
633 2030 684 2092 13.)

170 2134 214 2187 et.
234 2131 301 2189 Vult
314 2148 369 2188 non
383 2133 473 2190 sctum
487 2130 619 2204 prodesse
634 2130 740 2187 homini
755 2128 858 2183 virtuts
872 2142 920 2181 cr-

113 2213 190 2272 nato,
212 2205 332 2263 seduna
346 2224 410 2262 cum
425 2208 515 2263 anima
531 2222 615 2277 super
629 2221 728 2276 corpus
742 2204 825 2258 etiam
835 2218 919 2273 prae-

113 2297 175 2336 esse
190 2281 307 2340 verbum
322 2280 464 2346 divinum,
490 2290 631 2352 tamquam
649 2278 774 2335 medicus
795 2278 855 2332 eius
875 2274 919 2330 fa·

113 2365 187 2421 ctus.
213 2357 260 2413 cui
274 2374 356 2412 curae
375 2358 413 2413 sit
429 2355 629 2418 circumcidere
648 2370 779 2410 excessus
793 2353 872 2407 visus
891 2360 919 2407 et

113 2430 238 2496 auditus,
254 2441 408 2506 gustusque
418 2442 446 2487 et
454 2431 584 2493 odoratus
595 2429 622 2486 et
631 2438 730 2494 tactus,
746 2443 797 2482 nec
807 2443 862 2481 non
872 2426 918 2479 in-

113 2508 258 2563 strumenti
274 2507 351 2562 vocis
366 2505 503 2570 edendae,
526 2514 608 2576 atque
621 2502 785 2579 genitalium
795 2501 918 2573 impetus

112 2579 299 2639 redundantes
310 2581 491 2651 nocivosque,
513 2580 679 2636 sicutetiam
689 2575 916 2649 totiusccrperis,

113 2677 324 2693 D—Q———uan

164 2721 185 2768 ⁵)
199 2722 342 2761 adverbum:
356 2720 491 2759 marcida.
518 2718 602 2758 Auch.
