2050 3100
156 184 206 239 151
449 189 654 237 APPENDIX.
837 184 880 252 [1],
891 186 950 253 tta]

154 290 260 346 stodiae
275 299 352 345 cetus
366 298 393 345 et
409 298 548 345 accusator
567 288 691 345 intensus
711 306 799 358 mare;
834 291 951 363 eiusque

154 365 239 421 verba
250 366 458 437 reprehensiva,
470 374 497 419 et
507 364 650 419 evidenter
660 365 852 420 convincentia
862 366 951 421 unda·

154 458 216 495 rum
226 438 339 505 fluctus,
354 441 486 511 quoniam
495 438 629 494 stridebat
637 439 718 509 quasi
727 438 858 495 dentibus
868 459 951 513 super

154 532 218 569 eum
228 514 347 569 maredo
357 522 453 568 natura
467 531 611 585 spumans.
649 513 742 585 ltaque
757 514 882 570 naucleri
895 517 951 571 sic

154 598 185 643 ut
194 589 302 644 iudices
310 590 382 643 Uada
391 606 427 653 cc,
437 588 524 653 aiunt,
535 598 559 643 ct
569 606 603 643 cm
613 605 663 657 qao
669 592 772 656 popolo,
784 598 808 643 et
818 595 882 659 qutd
890 608 951 659 ope·

153 662 245 717 rosta?
259 672 325 731 (ton.
336 672 360 729 t,
370 666 407 726 s.)
444 663 592 734 Postquam
602 670 692 717 autem
702 665 835 719 sciscitati
846 663 950 720 edocti-

108 758 116 775 ·
153 755 208 808 que
220 746 297 801 sunt,
318 752 372 791 non
381 737 491 792 irruunt
499 754 584 809 super
593 738 710 802 iustum,
729 738 779 793 sed
790 756 825 793 ex
833 738 949 795 adverso

153 829 263 867 rursum
277 829 355 876 eum,
373 828 457 882 quem
472 812 646 877 iudicabant,
669 812 746 867 velut
764 813 887 869 iudicem
906 832 949 869 se-

153 886 218 942 dere
228 887 345 950 iaciunt,
357 886 494 942 dicentes:
527 887 596 953 Quid
605 892 733 956 {astamus
744 887 845 943 tecum?
856 898 945 957 (lb-rs.
1003 892 1004 945 ἶ

153 967 206 1026 11.)
242 964 283 1017 Tu
297 964 357 1034 ipse
370 961 529 1016 diiudicans
544 962 629 1034 elige;
668 979 717 1016 nos
732 963 807 1017 enim
819 962 855 1018 de
869 980 946 1017 servo

152 1036 198 1091 dei
207 1038 370 1092 sententiam
379 1038 475 1091 mortis
483 1036 612 1091 decidere
626 1037 784 1107 nequimus.
822 1038 946 1094 lllevero

153 1112 238 1168 dixit:
271 1114 361 1167 Tollite
370 1130 409 1166 me
421 1123 445 1167 et
458 1116 550 1180 mittite
565 1110 603 1185 (ta
616 1110 696 1184 more)
712 1120 757 1181 (io.
767 1132 805 1167 rs.
816 1118 875 1179 12),
896 1112 946 1167 hoc

152 1196 206 1242 est:
242 1186 354 1242 Tradidi
371 1204 415 1241 me
434 1188 527 1257 ipsum
547 1186 577 1240 in
596 1204 693 1241 manus
712 1186 942 1254 adversariorum3

151 1280 201 1317 vos
211 1263 310 1318 mittite
319 1278 364 1316 me
373 1262 461 1316 intus:
491 1262 622 1333 quomam
632 1261 707 1333 quod
717 1278 761 1316 me
775 1262 868 1334 ipsum
882 1263 945 1318 mit·

151 1346 206 1391 tam
218 1339 247 1393 in
257 1354 345 1402 mare,
361 1338 490 1408 iniquum
504 1344 555 1397 est.
594 1334 664 1403 Quia
677 1336 797 1408 pedibus
811 1337 885 1411 fugi,
902 1338 945 1393 di·

147 1601 241 1639 carcer
261 1585 296 1640 ad
315 1586 526 1641 custodiendum
546 1594 636 1650 cetus,
667 1587 840 1642 adversarius
860 1605 941 1651 marc,

149 1660 234 1715 verba
249 1659 333 1714 buius
348 1661 517 1734 increpantia
531 1661 676 1734 palamque
690 1662 847 1736 accusantia
856 1662 943 1717 unda·

148 1751 211 1789 rum
230 1751 354 1806 spumae.
398 1734 507 1808 Quippe
527 1735 712 1802 infrendebat,
738 1743 769 1791 ut
786 1737 824 1791 ita
843 1737 940 1801 dicam,

150 1808 279 1863 dentibus
297 1826 372 1862 mare
391 1810 524 1865 adversus
543 1811 717 1884 prophetam,
746 1811 814 1866 dum
837 1813 942 1884 spumis

148 1885 207 1938 suis
218 1882 414 1940 effervesceret.
453 1884 510 1938 lam
520 1902 586 1940 vero
598 1894 742 1958 postquam
753 1886 827 1941 buno
836 1886 942 1942 iudices

148 1966 247 2014 nautae
261 1960 513 2030 interrogaverunt:
549 1960 627 2015 Unde
640 1969 684 2025 tu,
704 1978 794 2033 quave
808 1970 888 2034 gente
898 1980 942 2017 or-

149 2043 207 2092 tus.
223 2033 267 2089 vel
278 2049 362 2104 quam
373 2033 621 2109 artemprofiteris?
642 2045 800 2108 postquam,
816 2037 940 2108 inquam,

147 2107 339 2181 interrogando
354 2127 412 2164 rem
426 2111 467 2165 uti
482 2127 513 2164 se
528 2109 647 2165 habebat
665 2119 863 2184 cognoverunt,
887 2130 940 2166 non

147 2183 191 2239 illi
209 2183 324 2257 quidem
344 2185 449 2258 impetu
469 2186 499 2239 in
518 2185 657 2240 bominem
675 2187 779 2240 iustum
792 2187 939 2250 irruerunt,

147 2260 203 2315 imo
220 2262 311 2331 potius
331 2276 408 2325 eum,
433 2261 467 2315 de
485 2275 541 2332 quo
554 2259 690 2315 iudicium
703 2261 889 2324 instituerant,
913 2263 940 2314 in

148 2334 239 2390 medio
253 2335 349 2390 sedere
361 2336 469 2391 iussum
483 2334 628 2407 rogabant,
649 2333 762 2406 utquid
776 2335 802 2388 ei
822 2334 941 2390 iacerent

147 2411 207 2480 ipse
221 2409 391 2465 decerneret:
422 2427 512 2482 neque
522 2410 596 2464 enim
606 2427 635 2464 se
644 2427 725 2482 posse
735 2408 843 2464 aiebant
853 2411 882 2465 in
892 2411 940 2464 Dei

147 2483 280 2539 famulum
290 2486 453 2539 sententiam
463 2486 540 2538 necis
550 2483 630 2538 ferre.
664 2484 792 2539 Tum'ille
803 2485 853 2539 ait:
875 2483 941 2540 Cor·

124 2591 129 2606 .
146 2567 253 2627 reptum
266 2576 310 2613 me
324 2560 463 2629 proiicite,
483 2557 514 2613 id
524 2565 565 2612 est
575 2559 604 2611 in
615 2558 712 2613 horum
723 2559 940 2614 adversariorum

145 2631 244 2685 tradito
258 2650 302 2686 me
317 2641 490 2703 potestatem,
511 2647 561 2684 vos
575 2633 690 2704 mergite
705 2650 749 2688 me
767 2633 821 2686 sub
837 2633 937 2701 altum;

145 2714 245 2757 memet
265 2707 338 2761 enim
358 2707 451 2777 ipsum
469 2703 624 2776 praefocare
643 2707 727 2761 undis
746 2707 873 2779 iniquum
886 2717 938 2762 est.
