<?xml version="1.0" encoding="UTF-8"?>
<!DOCTYPE html PUBLIC "-//W3C//DTD XHTML 1.0 Transitional//EN"
    "http://www.w3.org/TR/xhtml1/DTD/xhtml1-transitional.dtd">
<html xmlns="http://www.w3.org/1999/xhtml" xml:lang="en" lang="en">
 <head>
  <title>
</title>
<meta http-equiv="Content-Type" content="text/html;charset=utf-8" />
  <meta name='ocr-system' content='tesseract 3.04.00' />
  <meta name='ocr-capabilities' content='ocr_page ocr_carea ocr_par ocr_line ocrx_word'/>
</head>
<body>
  <div class='ocr_page' id='page_1' title='image "./operaomniaadlib02philgoog/operaomniaadlib02philgoog_0409.png"; bbox 0 0 2050 3100; ppageno 0'>
   <div class='ocr_carea' id='block_1_1' title="bbox 132 226 941 296">
    <p class='ocr_par' dir='ltr' id='par_1_1' title="bbox 132 226 941 296">
     <span class='ocr_line' id='line_1_1' title="bbox 132 226 941 296; baseline -0.004 -13"><span class='ocrx_word' id='word_1_1' title='bbox 132 229 182 283; x_wconf 65' lang='lat'>391</span> <span class='ocrx_word' id='word_1_2' title='bbox 364 232 549 281; x_wconf 77' lang='grc' dir='ltr'>ΡΗΙΙιΟΝΙΒ</span> <span class='ocrx_word' id='word_1_3' title='bbox 574 233 711 280; x_wconf 77' lang='lat' dir='ltr'>mmm</span> <span class='ocrx_word' id='word_1_4' title='bbox 764 226 807 295; x_wconf 73' lang='lat' dir='ltr'>[IL</span> <span class='ocrx_word' id='word_1_5' title='bbox 818 229 941 296; x_wconf 74' lang='lat' dir='ltr'>bbl.552.]</span> 
     </span>
    </p>
   </div>
   <div class='ocr_carea' id='block_1_2' title="bbox 131 332 942 631">
    <p class='ocr_par' dir='ltr' id='par_1_2' title="bbox 131 332 942 631">
     <span class='ocr_line' id='line_1_2' title="bbox 131 332 942 407; baseline -0.002 -16"><span class='ocrx_word' id='word_1_6' title='bbox 131 336 313 407; x_wconf 86' lang='lat' dir='ltr'>Sampsonem</span> <span class='ocrx_word' id='word_1_7' title='bbox 331 350 427 390; x_wconf 88' lang='lat' dir='ltr'>omnes</span> <span class='ocrx_word' id='word_1_8' title='bbox 446 351 511 389; x_wconf 87' lang='lat' dir='ltr'>suas</span> <span class='ocrx_word' id='word_1_9' title='bbox 528 335 645 389; x_wconf 87' lang='lat' dir='ltr'>virtutes</span> <span class='ocrx_word' id='word_1_10' title='bbox 660 350 714 387; x_wconf 88' lang='lat' dir='ltr'>una</span> <span class='ocrx_word' id='word_1_11' title='bbox 728 350 793 387; x_wconf 89' lang='lat' dir='ltr'>curn</span> <span class='ocrx_word' id='word_1_12' title='bbox 805 332 942 406; x_wconf 82' lang='lat' dir='ltr'>benigni-</span> 
     </span>
     <span class='ocr_line' id='line_1_3' title="bbox 132 407 942 479; baseline -0.005 -12"><span class='ocrx_word' id='word_1_13' title='bbox 132 419 187 467; x_wconf 85' lang='lat' dir='ltr'>tate</span> <span class='ocrx_word' id='word_1_14' title='bbox 197 417 398 466; x_wconf 82' lang='lat' dir='ltr'><strong>monstraturus</strong></span> <span class='ocrx_word' id='word_1_15' title='bbox 408 417 479 474; x_wconf 86' lang='lat' dir='ltr'>eret,</span> <span class='ocrx_word' id='word_1_16' title='bbox 492 426 528 463; x_wconf 87' lang='lat' dir='ltr'>ex</span> <span class='ocrx_word' id='word_1_17' title='bbox 538 410 584 472; x_wconf 88' lang='lat' dir='ltr'>iis,</span> <span class='ocrx_word' id='word_1_18' title='bbox 597 425 668 479; x_wconf 88' lang='lat' dir='ltr'>quas</span> <span class='ocrx_word' id='word_1_19' title='bbox 679 407 723 462; x_wconf 89' lang='lat' dir='ltr'>vel</span> <span class='ocrx_word' id='word_1_20' title='bbox 734 416 796 461; x_wconf 89' lang='lat' dir='ltr'>ante</span> <span class='ocrx_word' id='word_1_21' title='bbox 806 409 942 463; x_wconf 86' lang='lat' dir='ltr'>nativita-</span> 
     </span>
     <span class='ocr_line' id='line_1_4' title="bbox 131 481 941 557; baseline -0.001 -17"><span class='ocrx_word' id='word_1_22' title='bbox 131 494 188 541; x_wconf 87' lang='lat' dir='ltr'>tem</span> <span class='ocrx_word' id='word_1_23' title='bbox 198 485 225 539; x_wconf 91' lang='lat' dir='ltr'>ei</span> <span class='ocrx_word' id='word_1_24' title='bbox 234 485 384 549; x_wconf 89' lang='lat' dir='ltr'>concessit,</span> <span class='ocrx_word' id='word_1_25' title='bbox 401 484 500 557; x_wconf 76' lang='lat' dir='ltr'>gratiis</span> <span class='ocrx_word' id='word_1_26' title='bbox 510 481 707 537; x_wconf 73' lang='lat' dir='ltr'>manifestavit.</span> <span class='ocrx_word' id='word_1_27' title='bbox 735 481 814 549; x_wconf 83' lang='lat' dir='ltr'>Quod</span> <span class='ocrx_word' id='word_1_28' title='bbox 823 482 850 537; x_wconf 91' lang='lat' dir='ltr'>si</span> <span class='ocrx_word' id='word_1_29' title='bbox 859 491 941 554; x_wconf 92' lang='lat' dir='ltr'>post·</span> 
     </span>
     <span class='ocr_line' id='line_1_5' title="bbox 132 555 937 631; baseline -0.002 -16"><span class='ocrx_word' id='word_1_30' title='bbox 132 575 216 631; x_wconf 86' lang='lat' dir='ltr'>quam</span> <span class='ocrx_word' id='word_1_31' title='bbox 235 568 316 615; x_wconf 84' lang='lat' dir='ltr'>natus</span> <span class='ocrx_word' id='word_1_32' title='bbox 336 567 391 623; x_wconf 89' lang='lat' dir='ltr'>est,</span> <span class='ocrx_word' id='word_1_33' title='bbox 414 558 549 629; x_wconf 79' lang='lat' dir='ltr'><strong>placuerit</strong></span> <span class='ocrx_word' id='word_1_34' title='bbox 568 558 668 612; x_wconf 80' lang='lat' dir='ltr'>vivens</span> <span class='ocrx_word' id='word_1_35' title='bbox 686 555 721 628; x_wconf 85' lang='lat' dir='ltr'>(s.</span> <span class='ocrx_word' id='word_1_36' title='bbox 736 555 854 630; x_wconf 90' lang='lat' dir='ltr'>viventi)</span> <span class='ocrx_word' id='word_1_37' title='bbox 873 557 937 623; x_wconf 84' lang='lat' dir='ltr'>deo,</span> 
     </span>
    </p>
   </div>
   <div class='ocr_carea' id='block_1_3' title="bbox 130 628 940 1061">
    <p class='ocr_par' dir='ltr' id='par_1_3' title="bbox 130 628 940 1061">
     <span class='ocr_line' id='line_1_6' title="bbox 131 628 940 706; baseline -0.002 -17"><span class='ocrx_word' id='word_1_38' title='bbox 131 635 287 705; x_wconf 88' lang='lat' dir='ltr'>praemium</span> <span class='ocrx_word' id='word_1_39' title='bbox 305 650 371 706; x_wconf 81' lang='lat' dir='ltr'>ergo</span> <span class='ocrx_word' id='word_1_40' title='bbox 384 634 516 687; x_wconf 90' lang='lat' dir='ltr'>virtutem</span> <span class='ocrx_word' id='word_1_41' title='bbox 529 647 580 703; x_wconf 88' lang='lat' dir='ltr'>pro</span> <span class='ocrx_word' id='word_1_42' title='bbox 593 632 676 686; x_wconf 90' lang='lat' dir='ltr'>iustis</span> <span class='ocrx_word' id='word_1_43' title='bbox 693 628 729 705; x_wconf 71' lang='grc' dir='ltr'>[Ἴ</span> <span class='ocrx_word' id='word_1_44' title='bbox 745 630 878 702; x_wconf 81' lang='lat' dir='ltr'>operibus</span> <span class='ocrx_word' id='word_1_45' title='bbox 894 650 940 687; x_wconf 89' lang='lat' dir='ltr'>re-</span> 
     </span>
     <span class='ocr_line' id='line_1_7' title="bbox 131 705 938 780; baseline -0.002 -17"><span class='ocrx_word' id='word_1_46' title='bbox 131 710 215 780; x_wconf 90' lang='lat' dir='ltr'>cepit.</span> <span class='ocrx_word' id='word_1_47' title='bbox 246 707 302 763; x_wconf 90' lang='lat' dir='ltr'>Sed</span> <span class='ocrx_word' id='word_1_48' title='bbox 312 708 378 779; x_wconf 88' lang='lat' dir='ltr'>quia</span> <span class='ocrx_word' id='word_1_49' title='bbox 389 707 437 762; x_wconf 90' lang='lat' dir='ltr'>ille</span> <span class='ocrx_word' id='word_1_50' title='bbox 447 724 537 778; x_wconf 90' lang='lat' dir='ltr'>nuper</span> <span class='ocrx_word' id='word_1_51' title='bbox 547 705 638 760; x_wconf 91' lang='lat' dir='ltr'>adhuc</span> <span class='ocrx_word' id='word_1_52' title='bbox 647 714 724 761; x_wconf 90' lang='lat' dir='ltr'>satus</span> <span class='ocrx_word' id='word_1_53' title='bbox 733 706 763 760; x_wconf 96' lang='lat' dir='ltr'>in</span> <span class='ocrx_word' id='word_1_54' title='bbox 771 708 938 778; x_wconf 80' lang='lat' dir='ltr'>praegnanti</span> 
     </span>
     <span class='ocr_line' id='line_1_8' title="bbox 132 780 938 853; baseline 0 -16"><span class='ocrx_word' id='word_1_55' title='bbox 132 791 217 837; x_wconf 85' lang='lat' dir='ltr'>matre</span> <span class='ocrx_word' id='word_1_56' title='bbox 228 782 386 837; x_wconf 89' lang='lat' dir='ltr'>reconditus</span> <span class='ocrx_word' id='word_1_57' title='bbox 397 790 468 844; x_wconf 90' lang='lat' dir='ltr'>erat,</span> <span class='ocrx_word' id='word_1_58' title='bbox 485 790 512 836; x_wconf 90' lang='lat' dir='ltr'>et</span> <span class='ocrx_word' id='word_1_59' title='bbox 522 780 642 852; x_wconf 76' lang='lat' dir='ltr'>desuper</span> <span class='ocrx_word' id='word_1_60' title='bbox 652 780 756 836; x_wconf 91' lang='lat' dir='ltr'>donum</span> <span class='ocrx_word' id='word_1_61' title='bbox 771 782 877 853; x_wconf 81' lang='lat' dir='ltr'>gratiae</span> <span class='ocrx_word' id='word_1_62' title='bbox 891 782 938 837; x_wconf 93' lang='lat' dir='ltr'>vel</span> 
     </span>
     <span class='ocr_line' id='line_1_9' title="bbox 131 857 938 928; baseline 0 -17"><span class='ocrx_word' id='word_1_63' title='bbox 131 866 193 912; x_wconf 91' lang='lat' dir='ltr'>ante</span> <span class='ocrx_word' id='word_1_64' title='bbox 212 857 384 911; x_wconf 77' lang='lat' dir='ltr'>nativitatem</span> <span class='ocrx_word' id='word_1_65' title='bbox 403 857 571 927; x_wconf 90' lang='lat' dir='ltr'>susceptoris</span> <span class='ocrx_word' id='word_1_66' title='bbox 588 863 752 926; x_wconf 91' lang='lat' dir='ltr'>praenatum</span> <span class='ocrx_word' id='word_1_67' title='bbox 770 863 825 919; x_wconf 94' lang='lat' dir='ltr'>est,</span> <span class='ocrx_word' id='word_1_68' title='bbox 847 857 938 928; x_wconf 82' lang='lat' dir='ltr'>gretia</span> 
     </span>
     <span class='ocr_line' id='line_1_10' title="bbox 131 929 938 1004; baseline 0 -19"><span class='ocrx_word' id='word_1_69' title='bbox 131 930 291 1001; x_wconf 90' lang='lat' dir='ltr'>donumque</span> <span class='ocrx_word' id='word_1_70' title='bbox 310 929 490 1004; x_wconf 79' lang='lat' dir='ltr'>benignitatis</span> <span class='ocrx_word' id='word_1_71' title='bbox 509 929 667 985; x_wconf 90' lang='lat' dir='ltr'>nullatenus</span> <span class='ocrx_word' id='word_1_72' title='bbox 684 947 734 1002; x_wconf 92' lang='lat' dir='ltr'>pro</span> <span class='ocrx_word' id='word_1_73' title='bbox 747 930 828 986; x_wconf 88' lang='lat' dir='ltr'>iustis</span> <span class='ocrx_word' id='word_1_74' title='bbox 843 932 938 1002; x_wconf 89' lang='lat' dir='ltr'>operi·</span> 
     </span>
     <span class='ocr_line' id='line_1_11' title="bbox 130 1005 245 1061; baseline -0.009 -1"><span class='ocrx_word' id='word_1_75' title='bbox 130 1005 183 1061; x_wconf 91' lang='lat' dir='ltr'>bus</span> <span class='ocrx_word' id='word_1_76' title='bbox 194 1014 245 1059; x_wconf 89' lang='lat' dir='ltr'>est.</span> 
     </span>
    </p>
   </div>
   <div class='ocr_carea' id='block_1_4' title="bbox 125 1108 1010 2818">
    <p class='ocr_par' dir='ltr' id='par_1_4' title="bbox 125 1108 1010 2818">
     <span class='ocr_line' id='line_1_12' title="bbox 187 1108 937 1181; baseline 0 -17"><span class='ocrx_word' id='word_1_77' title='bbox 187 1111 214 1164; x_wconf 87' lang='lat' dir='ltr'>l.</span> <span class='ocrx_word' id='word_1_78' title='bbox 238 1108 390 1165; x_wconf 84' lang='lat' dir='ltr'>Potentiam</span> <span class='ocrx_word' id='word_1_79' title='bbox 403 1110 502 1166; x_wconf 89' lang='lat' dir='ltr'>itidem</span> <span class='ocrx_word' id='word_1_80' title='bbox 512 1109 675 1166; x_wconf 87' lang='lat' dir='ltr'>monstravit</span> <span class='ocrx_word' id='word_1_81' title='bbox 684 1124 720 1164; x_wconf 88' lang='lat' dir='ltr'>ex</span> <span class='ocrx_word' id='word_1_82' title='bbox 730 1124 776 1173; x_wconf 88' lang='lat' dir='ltr'>eo,</span> <span class='ocrx_word' id='word_1_83' title='bbox 792 1109 869 1181; x_wconf 88' lang='lat' dir='ltr'>quod</span> <span class='ocrx_word' id='word_1_84' title='bbox 879 1112 937 1181; x_wconf 87' lang='lat' dir='ltr'>ipsi</span> 
     </span>
     <span class='ocr_line' id='line_1_13' title="bbox 131 1182 944 1257; baseline 0.001 -19"><span class='ocrx_word' id='word_1_85' title='bbox 131 1185 261 1241; x_wconf 88' lang='lat' dir='ltr'>virtutem</span> <span class='ocrx_word' id='word_1_86' title='bbox 270 1201 366 1241; x_wconf 89' lang='lat' dir='ltr'>omnes</span> <span class='ocrx_word' id='word_1_87' title='bbox 376 1193 553 1257; x_wconf 80' lang='lat' dir='ltr'>superantem</span> <span class='ocrx_word' id='word_1_88' title='bbox 563 1185 707 1240; x_wconf 88' lang='lat' dir='ltr'>concessit.</span> <span class='ocrx_word' id='word_1_89' title='bbox 746 1182 831 1239; x_wconf 80' lang='lat' dir='ltr'>Actus</span> <span class='ocrx_word' id='word_1_90' title='bbox 839 1193 944 1239; x_wconf 42' lang='lat' dir='ltr'>&#39;nutem</span> 
     </span>
     <span class='ocr_line' id='line_1_14' title="bbox 130 1259 938 1333; baseline -0.001 -19"><span class='ocrx_word' id='word_1_91' title='bbox 130 1260 348 1331; x_wconf 77' lang='lat' dir='ltr'>praevalentium</span> <span class='ocrx_word' id='word_1_92' title='bbox 358 1259 392 1329; x_wconf 87' lang='lat' dir='ltr'>(s.</span> <span class='ocrx_word' id='word_1_93' title='bbox 403 1261 471 1325; x_wconf 88' lang='lat' dir='ltr'>vim,</span> <span class='ocrx_word' id='word_1_94' title='bbox 482 1259 653 1333; x_wconf 84' lang='lat' dir='ltr'>violentiam)</span> <span class='ocrx_word' id='word_1_95' title='bbox 663 1266 737 1315; x_wconf 89' lang='lat' dir='ltr'>certo</span> <span class='ocrx_word' id='word_1_96' title='bbox 746 1260 877 1330; x_wconf 85' lang='lat' dir='ltr'>exposuit</span> <span class='ocrx_word' id='word_1_97' title='bbox 887 1274 938 1331; x_wconf 91' lang='lat' dir='ltr'>per</span> 
     </span>
     <span class='ocr_line' id='line_1_15' title="bbox 130 1334 936 1409; baseline -0.002 -18"><span class='ocrx_word' id='word_1_98' title='bbox 130 1351 176 1399; x_wconf 92' lang='lat' dir='ltr'>ea,</span> <span class='ocrx_word' id='word_1_99' title='bbox 198 1334 302 1407; x_wconf 91' lang='lat' dir='ltr'>quibus</span> <span class='ocrx_word' id='word_1_100' title='bbox 318 1336 344 1391; x_wconf 92' lang='lat' dir='ltr'>ei</span> <span class='ocrx_word' id='word_1_101' title='bbox 360 1342 453 1389; x_wconf 89' lang='lat' dir='ltr'>contra</span> <span class='ocrx_word' id='word_1_102' title='bbox 468 1334 640 1409; x_wconf 76' lang='lat' dir='ltr'>alienigenas</span> <span class='ocrx_word' id='word_1_103' title='bbox 654 1334 804 1407; x_wconf 86' lang='lat' dir='ltr'>praestavit</span> <span class='ocrx_word' id='word_1_104' title='bbox 817 1351 936 1405; x_wconf 90' lang='lat' dir='ltr'>praeva-</span> 
     </span>
     <span class='ocr_line' id='line_1_16' title="bbox 131 1408 936 1482; baseline 0.001 -20"><span class='ocrx_word' id='word_1_105' title='bbox 131 1409 255 1465; x_wconf 88' lang='lat' dir='ltr'>lentiam.</span> <span class='ocrx_word' id='word_1_106' title='bbox 296 1409 443 1482; x_wconf 88' lang='lat' dir='ltr'>Siquidem</span> <span class='ocrx_word' id='word_1_107' title='bbox 457 1411 507 1481; x_wconf 88' lang='lat' dir='ltr'>qui</span> <span class='ocrx_word' id='word_1_108' title='bbox 522 1410 675 1465; x_wconf 88' lang='lat' dir='ltr'>servientes</span> <span class='ocrx_word' id='word_1_109' title='bbox 690 1408 746 1464; x_wconf 90' lang='lat' dir='ltr'>diis</span> <span class='ocrx_word' id='word_1_110' title='bbox 760 1408 861 1463; x_wconf 89' lang='lat' dir='ltr'>alienis</span> <span class='ocrx_word' id='word_1_111' title='bbox 872 1410 936 1463; x_wconf 91' lang='lat' dir='ltr'>vin-</span> 
     </span>
     <span class='ocr_line' id='line_1_17' title="bbox 129 1483 935 1557; baseline -0.001 -19"><span class='ocrx_word' id='word_1_112' title='bbox 129 1492 209 1550; x_wconf 87' lang='lat' dir='ltr'>cunt,</span> <span class='ocrx_word' id='word_1_113' title='bbox 229 1500 320 1539; x_wconf 90' lang='lat' dir='ltr'>nonne</span> <span class='ocrx_word' id='word_1_114' title='bbox 335 1492 453 1548; x_wconf 88' lang='lat' dir='ltr'>constat,</span> <span class='ocrx_word' id='word_1_115' title='bbox 473 1484 549 1556; x_wconf 90' lang='lat' dir='ltr'>quod</span> <span class='ocrx_word' id='word_1_116' title='bbox 563 1492 590 1540; x_wconf 92' lang='lat' dir='ltr'>et</span> <span class='ocrx_word' id='word_1_117' title='bbox 602 1483 791 1557; x_wconf 88' lang='lat' dir='ltr'>praesidentes</span> <span class='ocrx_word' id='word_1_118' title='bbox 800 1483 842 1537; x_wconf 90' lang='lat' dir='ltr'>eis</span> <span class='ocrx_word' id='word_1_119' title='bbox 853 1483 935 1538; x_wconf 91' lang='lat' dir='ltr'>adiu-</span> 
     </span>
     <span class='ocr_line' id='line_1_18' title="bbox 128 1557 936 1634; baseline 0.001 -20"><span class='ocrx_word' id='word_1_120' title='bbox 128 1567 200 1614; x_wconf 91' lang='lat' dir='ltr'>tores</span> <span class='ocrx_word' id='word_1_121' title='bbox 221 1557 315 1630; x_wconf 89' lang='lat' dir='ltr'>(lalsos</span> <span class='ocrx_word' id='word_1_122' title='bbox 330 1560 406 1634; x_wconf 87' lang='lat' dir='ltr'>deos)</span> <span class='ocrx_word' id='word_1_123' title='bbox 421 1577 476 1615; x_wconf 86' lang='lat' dir='ltr'>una</span> <span class='ocrx_word' id='word_1_124' title='bbox 490 1578 555 1615; x_wconf 89' lang='lat' dir='ltr'>curn</span> <span class='ocrx_word' id='word_1_125' title='bbox 569 1559 627 1615; x_wconf 88' lang='lat' dir='ltr'>illis</span> <span class='ocrx_word' id='word_1_126' title='bbox 642 1557 800 1615; x_wconf 70' lang='lat' dir='ltr'>debellant?</span> <span class='ocrx_word' id='word_1_127' title='bbox 831 1557 936 1615; x_wconf 87' lang='lat' dir='ltr'>Susce-</span> 
     </span>
     <span class='ocr_line' id='line_1_19' title="bbox 128 1632 935 1708; baseline 0.002 -23"><span class='ocrx_word' id='word_1_128' title='bbox 128 1632 253 1704; x_wconf 88' lang='lat' dir='ltr'>ptionem</span> <span class='ocrx_word' id='word_1_129' title='bbox 262 1643 354 1691; x_wconf 88' lang='lat' dir='ltr'>autem</span> <span class='ocrx_word' id='word_1_130' title='bbox 365 1634 399 1708; x_wconf 88' lang='lat' dir='ltr'>(s.</span> <span class='ocrx_word' id='word_1_131' title='bbox 411 1634 649 1708; x_wconf 85' lang='lat' dir='ltr'>complacentiam)</span> <span class='ocrx_word' id='word_1_132' title='bbox 659 1633 871 1690; x_wconf 81' lang='lat' dir='ltr'>irrevocabilem</span> <span class='ocrx_word' id='word_1_133' title='bbox 884 1650 935 1706; x_wconf 92' lang='lat' dir='ltr'>per</span> 
     </span>
     <span class='ocr_line' id='line_1_20' title="bbox 128 1707 935 1781; baseline 0.005 -21"><span class='ocrx_word' id='word_1_134' title='bbox 128 1707 259 1779; x_wconf 75' lang='lat' dir='ltr'>gratiam,</span> <span class='ocrx_word' id='word_1_135' title='bbox 276 1710 326 1780; x_wconf 90' lang='lat' dir='ltr'>qui</span> <span class='ocrx_word' id='word_1_136' title='bbox 336 1711 362 1765; x_wconf 91' lang='lat' dir='ltr'>ei</span> <span class='ocrx_word' id='word_1_137' title='bbox 372 1709 463 1775; x_wconf 91' lang='lat' dir='ltr'>dedit,</span> <span class='ocrx_word' id='word_1_138' title='bbox 479 1709 601 1765; x_wconf 89' lang='lat' dir='ltr'>ostendit</span> <span class='ocrx_word' id='word_1_139' title='bbox 610 1708 644 1781; x_wconf 88' lang='lat' dir='ltr'>(s.</span> <span class='ocrx_word' id='word_1_140' title='bbox 656 1709 776 1774; x_wconf 86' lang='lat' dir='ltr'>noverit,</span> <span class='ocrx_word' id='word_1_141' title='bbox 797 1725 838 1763; x_wconf 87' lang='lat' dir='ltr'>sc.</span> <span class='ocrx_word' id='word_1_142' title='bbox 853 1710 935 1780; x_wconf 89' lang='lat' dir='ltr'>quis·</span> 
     </span>
     <span class='ocr_line' id='line_1_21' title="bbox 127 1782 934 1856; baseline 0.005 -21"><span class='ocrx_word' id='word_1_143' title='bbox 127 1782 224 1856; x_wconf 90' lang='lat' dir='ltr'>piam).</span> <span class='ocrx_word' id='word_1_144' title='bbox 263 1784 461 1840; x_wconf 85' lang='lat' dir='ltr'>Discretionem</span> <span class='ocrx_word' id='word_1_145' title='bbox 475 1785 576 1839; x_wconf 92' lang='lat' dir='ltr'>iterum</span> <span class='ocrx_word' id='word_1_146' title='bbox 594 1784 654 1839; x_wconf 90' lang='lat' dir='ltr'>eius</span> <span class='ocrx_word' id='word_1_147' title='bbox 674 1783 862 1839; x_wconf 83' lang='lat' dir='ltr'>manifestavit</span> <span class='ocrx_word' id='word_1_148' title='bbox 881 1783 934 1839; x_wconf 90' lang='lat' dir='ltr'>hoc</span> 
     </span>
     <span class='ocr_line' id='line_1_22' title="bbox 127 1857 1010 1931; baseline 0.005 -20"><span class='ocrx_word' id='word_1_149' title='bbox 127 1865 235 1913; x_wconf 85' lang='lat' dir='ltr'>tenore:</span> <span class='ocrx_word' id='word_1_150' title='bbox 266 1859 445 1931; x_wconf 87' lang='lat' dir='ltr'>inquantum</span> <span class='ocrx_word' id='word_1_151' title='bbox 460 1860 688 1931; x_wconf 81' lang='lat' dir='ltr'>enimintegrum</span> <span class='ocrx_word' id='word_1_152' title='bbox 707 1857 835 1913; x_wconf 90' lang='lat' dir='ltr'>servabat</span> <span class='ocrx_word' id='word_1_153' title='bbox 853 1875 934 1913; x_wconf 91' lang='lat' dir='ltr'>man·</span> <span class='ocrx_word' id='word_1_154' title='bbox 1009 1910 1010 1915; x_wconf 73' lang='grc'>,</span> 
     </span>
     <span class='ocr_line' id='line_1_23' title="bbox 128 1920 1010 2006; baseline 0.002 -20"><span class='ocrx_word' id='word_1_155' title='bbox 128 1931 233 1998; x_wconf 88' lang='lat' dir='ltr'>datum,</span> <span class='ocrx_word' id='word_1_156' title='bbox 246 1940 273 1988; x_wconf 93' lang='lat' dir='ltr'>et</span> <span class='ocrx_word' id='word_1_157' title='bbox 283 1933 352 1989; x_wconf 92' lang='lat' dir='ltr'>deus</span> <span class='ocrx_word' id='word_1_158' title='bbox 363 1935 389 1989; x_wconf 96' lang='lat' dir='ltr'>ei</span> <span class='ocrx_word' id='word_1_159' title='bbox 399 1934 516 2006; x_wconf 77' lang='lat' dir='ltr'>gratiam</span> <span class='ocrx_word' id='word_1_160' title='bbox 525 1934 660 2006; x_wconf 81' lang='lat' dir='ltr'>integram</span> <span class='ocrx_word' id='word_1_161' title='bbox 670 1933 804 2000; x_wconf 80' lang='lat' dir='ltr'>servavit3</span> <span class='ocrx_word' id='word_1_162' title='bbox 820 1933 933 2004; x_wconf 89' lang='lat' dir='ltr'>quando</span> <span class='ocrx_word' id='word_1_163' title='bbox 1009 1920 1010 1945; x_wconf 59' lang='lat'>¹</span> 
     </span>
     <span class='ocr_line' id='line_1_24' title="bbox 127 2007 933 2081; baseline 0.001 -20"><span class='ocrx_word' id='word_1_164' title='bbox 127 2023 193 2062; x_wconf 89' lang='lat' dir='ltr'>vero</span> <span class='ocrx_word' id='word_1_165' title='bbox 202 2016 390 2081; x_wconf 82' lang='lat' dir='ltr'>transgressus</span> <span class='ocrx_word' id='word_1_166' title='bbox 401 2016 442 2064; x_wconf 91' lang='lat' dir='ltr'>est</span> <span class='ocrx_word' id='word_1_167' title='bbox 450 2017 642 2080; x_wconf 79' lang='lat' dir='ltr'>praeceptum,</span> <span class='ocrx_word' id='word_1_168' title='bbox 663 2009 778 2080; x_wconf 78' lang='lat' dir='ltr'>gratiam</span> <span class='ocrx_word' id='word_1_169' title='bbox 793 2025 848 2062; x_wconf 94' lang='lat' dir='ltr'>non</span> <span class='ocrx_word' id='word_1_170' title='bbox 865 2007 933 2063; x_wconf 90' lang='lat' dir='ltr'>reli-</span> 
     </span>
     <span class='ocr_line' id='line_1_25' title="bbox 128 2082 932 2156; baseline 0.001 -20"><span class='ocrx_word' id='word_1_171' title='bbox 128 2082 191 2152; x_wconf 92' lang='lat' dir='ltr'>quit</span> <span class='ocrx_word' id='word_1_172' title='bbox 205 2083 245 2147; x_wconf 92' lang='lat' dir='ltr'>ei,</span> <span class='ocrx_word' id='word_1_173' title='bbox 267 2083 317 2138; x_wconf 90' lang='lat' dir='ltr'>sed</span> <span class='ocrx_word' id='word_1_174' title='bbox 333 2084 425 2156; x_wconf 82' lang='lat' dir='ltr'>exegit</span> <span class='ocrx_word' id='word_1_175' title='bbox 440 2083 475 2137; x_wconf 87' lang='lat' dir='ltr'>eb</span> <span class='ocrx_word' id='word_1_176' title='bbox 490 2099 523 2138; x_wconf 88' lang='lat' dir='ltr'>eo</span> <span class='ocrx_word' id='word_1_177' title='bbox 537 2082 663 2137; x_wconf 89' lang='lat' dir='ltr'>criminis</span> <span class='ocrx_word' id='word_1_178' title='bbox 673 2082 820 2137; x_wconf 90' lang='lat' dir='ltr'>iudicium.</span> <span class='ocrx_word' id='word_1_179' title='bbox 860 2083 932 2137; x_wconf 87' lang='lat' dir='ltr'>Rur-</span> 
     </span>
     <span class='ocr_line' id='line_1_26' title="bbox 128 2154 1008 2229; baseline 0.003 -20"><span class='ocrx_word' id='word_1_180' title='bbox 128 2172 190 2210; x_wconf 89' lang='lat' dir='ltr'>sum</span> <span class='ocrx_word' id='word_1_181' title='bbox 201 2156 236 2211; x_wconf 91' lang='lat' dir='ltr'>de</span> <span class='ocrx_word' id='word_1_182' title='bbox 246 2173 317 2212; x_wconf 92' lang='lat' dir='ltr'>novo</span> <span class='ocrx_word' id='word_1_183' title='bbox 326 2157 443 2213; x_wconf 89' lang='lat' dir='ltr'>recurrit</span> <span class='ocrx_word' id='word_1_184' title='bbox 453 2156 488 2212; x_wconf 83' lang='lat' dir='ltr'>ed</span> <span class='ocrx_word' id='word_1_185' title='bbox 497 2158 638 2229; x_wconf 91' lang='lat' dir='ltr'>propriam</span> <span class='ocrx_word' id='word_1_186' title='bbox 651 2157 865 2228; x_wconf 80' lang='lat' dir='ltr'>benignitatem,</span> <span class='ocrx_word' id='word_1_187' title='bbox 882 2173 932 2212; x_wconf 87' lang='lat' dir='ltr'>ve-</span> <span class='ocrx_word' id='word_1_188' title='bbox 1007 2154 1008 2185; x_wconf 47' lang='lat' dir='ltr'>l</span> 
     </span>
     <span class='ocr_line' id='line_1_27' title="bbox 127 2230 1007 2303; baseline 0.005 -21"><span class='ocrx_word' id='word_1_189' title='bbox 127 2239 281 2286; x_wconf 91' lang='lat' dir='ltr'>rumtamen</span> <span class='ocrx_word' id='word_1_190' title='bbox 295 2231 387 2286; x_wconf 92' lang='lat' dir='ltr'>omnia</span> <span class='ocrx_word' id='word_1_191' title='bbox 403 2231 473 2287; x_wconf 93' lang='lat' dir='ltr'>dona</span> <span class='ocrx_word' id='word_1_192' title='bbox 492 2233 518 2287; x_wconf 93' lang='lat' dir='ltr'>ei</span> <span class='ocrx_word' id='word_1_193' title='bbox 538 2248 593 2287; x_wconf 93' lang='lat' dir='ltr'>non</span> <span class='ocrx_word' id='word_1_194' title='bbox 611 2230 750 2300; x_wconf 87' lang='lat' dir='ltr'>concedit;</span> <span class='ocrx_word' id='word_1_195' title='bbox 781 2247 836 2285; x_wconf 89' lang='lat' dir='ltr'>non</span> <span class='ocrx_word' id='word_1_196' title='bbox 855 2232 931 2286; x_wconf 88' lang='lat' dir='ltr'>enim</span> <span class='ocrx_word' id='word_1_197' title='bbox 1006 2288 1007 2303; x_wconf 14' lang='grc' dir='ltr'><strong>ξ</strong></span> 
     </span>
     <span class='ocr_line' id='line_1_28' title="bbox 128 2304 931 2378; baseline 0.004 -21"><span class='ocrx_word' id='word_1_198' title='bbox 128 2320 247 2375; x_wconf 88' lang='lat' dir='ltr'>aequum</span> <span class='ocrx_word' id='word_1_199' title='bbox 258 2314 299 2360; x_wconf 92' lang='lat' dir='ltr'>est</span> <span class='ocrx_word' id='word_1_200' title='bbox 308 2304 353 2378; x_wconf 83' lang='lat' dir='ltr'>(ol.</span> <span class='ocrx_word' id='word_1_201' title='bbox 364 2305 431 2378; x_wconf 88' lang='lat' dir='ltr'>erat)</span> <span class='ocrx_word' id='word_1_202' title='bbox 443 2307 547 2361; x_wconf 90' lang='lat' dir='ltr'>victum</span> <span class='ocrx_word' id='word_1_203' title='bbox 558 2321 669 2377; x_wconf 88' lang='lat' dir='ltr'>quoque</span> <span class='ocrx_word' id='word_1_204' title='bbox 679 2304 813 2359; x_wconf 84' lang='lat' dir='ltr'>coronari.</span> <span class='ocrx_word' id='word_1_205' title='bbox 853 2306 931 2360; x_wconf 76' lang='lat' dir='ltr'>Atta-</span> 
     </span>
     <span class='ocr_line' id='line_1_29' title="bbox 127 2379 930 2452; baseline 0.002 -20"><span class='ocrx_word' id='word_1_206' title='bbox 127 2395 191 2432; x_wconf 89' lang='lat' dir='ltr'>men</span> <span class='ocrx_word' id='word_1_207' title='bbox 201 2381 262 2450; x_wconf 92' lang='lat' dir='ltr'>ipse</span> <span class='ocrx_word' id='word_1_208' title='bbox 271 2379 393 2450; x_wconf 83' lang='lat' dir='ltr'>aliquam</span> <span class='ocrx_word' id='word_1_209' title='bbox 404 2380 496 2435; x_wconf 87' lang='lat' dir='ltr'>adbuc</span> <span class='ocrx_word' id='word_1_210' title='bbox 505 2388 613 2452; x_wconf 81' lang='lat' dir='ltr'>guttam</span> <span class='ocrx_word' id='word_1_211' title='bbox 623 2379 728 2450; x_wconf 81' lang='lat' dir='ltr'>gratiae</span> <span class='ocrx_word' id='word_1_212' title='bbox 737 2379 875 2449; x_wconf 87' lang='lat' dir='ltr'>impertit:</span> <span class='ocrx_word' id='word_1_213' title='bbox 900 2389 930 2434; x_wconf 89' lang='lat' dir='ltr'>ut</span> 
     </span>
     <span class='ocr_line' id='line_1_30' title="bbox 126 2453 930 2525; baseline 0.002 -19"><span class='ocrx_word' id='word_1_214' title='bbox 126 2461 182 2506; x_wconf 88' lang='lat' dir='ltr'>tam</span> <span class='ocrx_word' id='word_1_215' title='bbox 197 2454 338 2509; x_wconf 83' lang='lat' dir='ltr'>exitialem</span> <span class='ocrx_word' id='word_1_216' title='bbox 353 2455 382 2509; x_wconf 95' lang='lat' dir='ltr'>in</span> <span class='ocrx_word' id='word_1_217' title='bbox 396 2453 488 2509; x_wconf 87' lang='lat' dir='ltr'>futuro</span> <span class='ocrx_word' id='word_1_218' title='bbox 502 2454 667 2509; x_wconf 86' lang='lat' dir='ltr'>sententiam</span> <span class='ocrx_word' id='word_1_219' title='bbox 682 2453 782 2508; x_wconf 90' lang='lat' dir='ltr'>iudicii</span> <span class='ocrx_word' id='word_1_220' title='bbox 791 2470 842 2525; x_wconf 91' lang='lat' dir='ltr'>per</span> <span class='ocrx_word' id='word_1_221' title='bbox 852 2471 930 2510; x_wconf 89' lang='lat' dir='ltr'>aum·</span> 
     </span>
     <span class='ocr_line' id='line_1_31' title="bbox 127 2527 930 2600; baseline 0.01 -24"><span class='ocrx_word' id='word_1_222' title='bbox 127 2541 199 2579; x_wconf 86' lang='lat' dir='ltr'>marn</span> <span class='ocrx_word' id='word_1_223' title='bbox 219 2543 282 2598; x_wconf 75' lang='lat' dir='ltr'>erga</span> <span class='ocrx_word' id='word_1_224' title='bbox 302 2527 442 2582; x_wconf 90' lang='lat' dir='ltr'>hominem</span> <span class='ocrx_word' id='word_1_225' title='bbox 457 2528 656 2584; x_wconf 85' lang='lat' dir='ltr'>humanitatem</span> <span class='ocrx_word' id='word_1_226' title='bbox 670 2535 822 2592; x_wconf 87' lang='lat' dir='ltr'>removeat,</span> <span class='ocrx_word' id='word_1_227' title='bbox 846 2545 930 2600; x_wconf 87' lang='lat' dir='ltr'>quem</span> 
     </span>
     <span class='ocr_line' id='line_1_32' title="bbox 126 2601 929 2674; baseline 0.012 -26"><span class='ocrx_word' id='word_1_228' title='bbox 126 2613 204 2650; x_wconf 85' lang='lat' dir='ltr'>suam</span> <span class='ocrx_word' id='word_1_229' title='bbox 218 2602 334 2669; x_wconf 82' lang='lat' dir='ltr'>gratiam</span> <span class='ocrx_word' id='word_1_230' title='bbox 349 2617 438 2670; x_wconf 88' lang='lat' dir='ltr'>usque</span> <span class='ocrx_word' id='word_1_231' title='bbox 453 2601 486 2655; x_wconf 85' lang='lat' dir='ltr'>ad</span> <span class='ocrx_word' id='word_1_232' title='bbox 503 2602 586 2656; x_wconf 87' lang='lat' dir='ltr'>finem</span> <span class='ocrx_word' id='word_1_233' title='bbox 597 2603 739 2674; x_wconf 80' lang='lat' dir='ltr'>exstingui</span> <span class='ocrx_word' id='word_1_234' title='bbox 749 2619 804 2658; x_wconf 92' lang='lat' dir='ltr'>non</span> <span class='ocrx_word' id='word_1_235' title='bbox 813 2603 929 2673; x_wconf 89' lang='lat' dir='ltr'>permit-</span> 
     </span>
     <span class='ocr_line' id='line_1_33' title="bbox 125 2671 1004 2750; baseline 0.014 -30"><span class='ocrx_word' id='word_1_236' title='bbox 125 2675 178 2750; x_wconf 63' lang='grc' dir='ltr'>ιιι.Ι</span> <span class='ocrx_word' id='word_1_237' title='bbox 214 2671 315 2726; x_wconf 86' lang='lat' dir='ltr'>Verum</span> <span class='ocrx_word' id='word_1_238' title='bbox 333 2674 461 2742; x_wconf 71' lang='lat' dir='ltr'>nequod</span> <span class='ocrx_word' id='word_1_239' title='bbox 477 2672 513 2747; x_wconf 83' lang='lat'>[*]</span> <span class='ocrx_word' id='word_1_240' title='bbox 532 2677 561 2729; x_wconf 87' lang='lat' dir='ltr'>in</span> <span class='ocrx_word' id='word_1_241' title='bbox 579 2677 711 2731; x_wconf 89' lang='lat' dir='ltr'>memoria</span> <span class='ocrx_word' id='word_1_242' title='bbox 725 2684 783 2732; x_wconf 88' lang='lat' dir='ltr'>erat</span> <span class='ocrx_word' id='word_1_243' title='bbox 796 2678 929 2732; x_wconf 90' lang='lat' dir='ltr'>orationis</span> <span class='ocrx_word' id='word_1_244' title='bbox 1003 2690 1004 2697; x_wconf 56' lang='lat'>¹</span> 
     </span>
     <span class='ocr_line' id='line_1_34' title="bbox 125 2745 926 2818; baseline 0.021 -30"><span class='ocrx_word' id='word_1_245' title='bbox 125 2748 293 2806; x_wconf 87' lang='lat' dir='ltr'>onnttentes,</span> <span class='ocrx_word' id='word_1_246' title='bbox 315 2745 343 2798; x_wconf 92' lang='lat' dir='ltr'>in</span> <span class='ocrx_word' id='word_1_247' title='bbox 359 2747 413 2800; x_wconf 90' lang='lat' dir='ltr'>alio</span> <span class='ocrx_word' id='word_1_248' title='bbox 425 2748 527 2818; x_wconf 83' lang='lat' dir='ltr'>placito</span> <span class='ocrx_word' id='word_1_249' title='bbox 537 2749 654 2804; x_wconf 91' lang='lat' dir='ltr'>verbum</span> <span class='ocrx_word' id='word_1_250' title='bbox 667 2767 876 2815; x_wconf 88' lang='lat' dir='ltr'>consumamus,</span> <span class='ocrx_word' id='word_1_251' title='bbox 899 2753 926 2805; x_wconf 92' lang='lat' dir='ltr'>in</span> 
     </span>
    </p>
   </div>
   <div class='ocr_carea' id='block_1_5' title="bbox 0 19 1030 3100">
    <p class='ocr_par' dir='ltr' id='par_1_5' title="bbox 0 19 1030 3100">
     <span class='ocr_line' id='line_1_35' title="bbox 0 19 1030 3100; baseline 0 2"><span class='ocrx_word' id='word_1_252' title='bbox 0 19 1030 3100; x_wconf 95' lang='lat' dir='ltr'> </span> 
     </span>
    </p>
   </div>
  </div>
 </body>
</html>
