2050 3100
78 89 114 158 [1,
127 89 175 155 ib]
223 97 272 141 DE
291 96 566 145 PROVIDENTIA
585 99 710 144 sERuo
731 99 749 142 1.
852 93 883 145 35

76 199 210 254 omnium
229 197 355 262 omnino,
377 214 447 269 quae
464 197 572 275 suntin
587 205 670 262 terra,
692 216 751 254 eam
767 215 826 254 esse
841 201 885 252 vi-

75 273 169 329 vendi
189 289 311 328 causam.
385 318 387 322 ,

138 399 184 452 54.
204 397 239 452 Et
248 398 317 468 quid
327 399 456 469 imperite
467 399 525 470 agit
534 397 721 468 providentia,
744 399 772 452 in
784 399 884 470 impios

77 489 188 546 paucos
207 490 322 529 numero
337 473 454 528 fulmine
468 467 702 536 animadiertens,
725 482 755 528 ut
768 474 833 528 mali
849 475 886 527 ti-
946 519 949 526 .

77 565 159 602 more
175 548 229 601 acti
268 547 450 603 rovidentiam
469 548 644 603 ediscant-
658 549 762 620 quippe
782 549 831 620 qui
851 566 885 602 ex

79 631 183 676 natura
196 623 221 676 si
265 623 452 687 rationali—,
469 640 504 677 ne
518 639 660 677 servorum
677 641 765 689 more,
787 625 843 678 imo
858 633 885 678 et

78 698 242 761 brutorum,
263 715 329 770 prae
342 699 452 753 inscitia
462 697 561 752 acriter
571 699 710 770 castigati,
731 700 885 753 universim

78 773 165 826 morti
180 769 334 838 tradantur,
351 789 437 844 quum
451 773 540 827 nolint
550 789 680 826 cessarea
693 774 816 828 malitia?
835 775 886 828 Ni-

80 847 125 901 hil
136 847 210 900 enim
221 855 274 911 est,
291 847 366 919 quod
375 847 549 920 providentia
561 847 705 917 despiciat.
744 850 778 904 Et
794 848 886 920 prole·

80 930 129 977 cto
138 921 317 994 benignitatis
326 931 368 978 est
378 931 570 996 argumentum
580 919 610 975 id
621 937 740 993 quoque,
752 925 825 993 quod
837 941 886 976 su-

79 1013 135 1069 per
144 1013 210 1050 saxa
221 997 352 1070 lignaque
362 997 515 1053 identidem
524 995 623 1051 cadant
633 994 763 1064 fulmina3
795 999 885 1051 moni-

80 1073 169 1128 tionis
188 1073 364 1128 enimcausa
383 1075 420 1128 ita
440 1071 564 1144 disponit
576 1070 764 1142 providentia,
789 1071 884 1126 nolens

36 1147 41 1154 '
80 1148 195 1219 penitus
213 1146 306 1203 delere
323 1165 411 1221 genus
426 1148 593 1210 humanum,
615 1162 646 1200 ac
661 1153 790 1201 terrorem
805 1163 885 1217 prae-

81 1223 145 1286 bet,
160 1239 239 1276 suam
249 1223 485 1296 longanimitatem
494 1219 674 1276 manifestans
686 1218 722 1294 [Ἴ
735 1221 813 1277 elatis
824 1221 885 1274 ani-

81 1314 143 1360 mo,
164 1294 251 1369 atque
265 1306 296 1353 ut
315 1299 477 1370 vigilantem
496 1295 723 1350 deliberationem
742 1295 882 1366 arripiant,

83 1370 228 1427 evidenter
243 1373 390 1428 ostendens
408 1371 615 1428 invisibilibus
631 1369 774 1426 elementis
788 1378 885 1443 poton-

81 1448 152 1503 tiam
166 1464 255 1503 suam.
733 1488 736 1494 .
833 1481 834 1486 κ

140 1578 184 1629 55.
203 1574 266 1630 Noli
277 1583 368 1630 autem
379 1574 515 1640 dubitare,
529 1584 631 1630 amator
642 1574 775 1638 veritatis,
788 1572 822 1627 de
833 1572 883 1627 do-

82 1649 171 1706 ctrina
186 1666 275 1722 nuper
289 1650 427 1722 exposita,
452 1667 539 1721 quum
555 1652 637 1706 etiam
652 1668 687 1705 ex
702 1647 794 1721 lapide
810 1647 883 1721 ignis

82 1743 138 1781 non
153 1724 280 1796 prodeat,
301 1726 326 1779 si
341 1724 428 1796 lapidi
442 1726 544 1797 aliquis
556 1726 637 1781 homo
647 1743 701 1780 non
712 1723 823 1780 accedat
832 1740 884 1777 nec

83 1800 157 1855 adsit
166 1800 288 1870 qui'eum
298 1800 401 1854 eliciat.
441 1800 587 1871 Siquidem
598 1800 803 1855 debetmateria
818 1816 884 1853 exa-

82 1876 169 1931 nimis
178 1874 344 1946 obsequium
353 1884 492 1947 praestare
508 1876 620 1930 animali
636 1876 776 1939 rationali,
799 1873 883 1928 huius
903 1890 905 1895 ·

81 1950 218 2005 voluntati
228 1950 396 2022 obsequens.
434 1950 549 2017 Quando
559 1952 633 2005 enim
644 1968 679 2005 ax
688 1949 801 2005 materia
812 1948 883 2020 lapi-

82 2027 129 2081 dis
137 2026 231 2097 ignem
241 2025 390 2081 accendere
401 2026 465 2097 quis
474 2027 548 2091 vult,
562 2044 597 2081 ex
607 2027 667 2097 ipso
678 2023 796 2081 naturali
807 2032 881 2077 motu

82 2101 126 2156 illi
141 2102 238 2164 insito,
260 2101 310 2172 qui
325 2102 430 2156 ratione
444 2101 585 2171 praeditus
600 2109 642 2155 est
657 2101 690 2173 (s.
705 2100 809 2154 ratione
823 2116 882 2151 cer-

82 2175 191 2230 nendus
205 2175 270 2247 est),
291 2177 366 2247 ignis
381 2176 411 2230 in
427 2192 509 2246 opera
525 2177 604 2230 utilia
620 2193 635 2229 e
651 2173 743 2245 lapide
761 2173 880 2227 elicitur.

82 2252 177 2320 Itaque
201 2251 341 2306 continent
362 2250 478 2323 quidem
501 2251 635 2305 elementa
655 2247 807 2303 naturalem
826 2246 881 2300 sibi

82 2327 191 2398 ignem,
210 2334 237 2379 at
251 2325 424 2396 providentia
438 2334 543 2382 motum
556 2332 711 2397 praestans,
733 2340 768 2377 ex
787 2320 882 2375 subie-

82 2401 135 2455 ctis
145 2401 317 2471 corporibus‚
329 2408 359 2455 ut
369 2400 461 2455 anima
471 2418 506 2455 ex
517 2397 677 2471 corporibus
688 2395 879 2460 sensibilibus,

83 2473 225 2549 visibilem
244 2474 371 2529 effectum
387 2473 525 2547 producit.
564 2473 667 2527 Eodem
683 2471 763 2525 modo
777 2487 827 2541 per
841 2480 882 2525 to-

84 2559 142 2604 tum
156 2548 293 2604 mundum
307 2550 435 2604 dilatabit
449 2547 623 2620 providentia
638 2545 809 2601 invisibilem
825 2545 882 2599 ele-

84 2632 237 2681 mentorum
252 2625 347 2699 ignem
361 2624 395 2680 ad
409 2625 510 2696 impios
525 2620 793 2747 iudiciocopnoxioS,
814 2620 881 2691 quin
