<?xml version="1.0" encoding="UTF-8"?>
<!DOCTYPE html PUBLIC "-//W3C//DTD XHTML 1.0 Transitional//EN"
    "http://www.w3.org/TR/xhtml1/DTD/xhtml1-transitional.dtd">
<html xmlns="http://www.w3.org/1999/xhtml" xml:lang="en" lang="en">
 <head>
  <title>
</title>
<meta http-equiv="Content-Type" content="text/html;charset=utf-8" />
  <meta name='ocr-system' content='tesseract 3.04.00' />
  <meta name='ocr-capabilities' content='ocr_page ocr_carea ocr_par ocr_line ocrx_word'/>
</head>
<body>
  <div class='ocr_page' id='page_1' title='image "./operaomniaadlib02philgoog/operaomniaadlib02philgoog_0396.png"; bbox 0 0 2050 3100; ppageno 0'>
   <div class='ocr_carea' id='block_1_1' title="bbox 83 250 878 355">
    <p class='ocr_par' dir='ltr' id='par_1_1' title="bbox 83 250 878 355">
     <span class='ocr_line' id='line_1_1' title="bbox 83 250 878 355; baseline 0.005 -16"><span class='ocrx_word' id='word_1_1' title='bbox 83 289 128 355; x_wconf 63' lang='grc' dir='ltr'>[πῃ</span> <span class='ocrx_word' id='word_1_2' title='bbox 142 250 202 353; x_wconf 68' lang='lat' dir='ltr'>rael</span> <span class='ocrx_word' id='word_1_3' title='bbox 234 318 237 327; x_wconf 88' lang='lat'>·</span> <span class='ocrx_word' id='word_1_4' title='bbox 273 294 314 345; x_wconf 78' lang='lat' dir='ltr'>ru</span> <span class='ocrx_word' id='word_1_5' title='bbox 331 278 504 341; x_wconf 80' lang='lat' dir='ltr'>uxonirn.</span> <span class='ocrx_word' id='word_1_6' title='bbox 525 296 653 343; x_wconf 76' lang='lat' dir='ltr'>annuo</span> <span class='ocrx_word' id='word_1_7' title='bbox 670 298 702 343; x_wconf 86' lang='lat' dir='ltr'>n</span> <span class='ocrx_word' id='word_1_8' title='bbox 833 290 878 343; x_wconf 79' lang='lat' dir='ltr'>aet</span> 
     </span>
    </p>
   </div>
   <div class='ocr_carea' id='block_1_2' title="bbox 82 392 886 524">
    <p class='ocr_par' dir='ltr' id='par_1_2' title="bbox 82 392 886 524">
     <span class='ocr_line' id='line_1_2' title="bbox 82 392 886 523; baseline 0.002 -74"><span class='ocrx_word' id='word_1_9' title='bbox 82 412 145 523; x_wconf 58' lang='lat' dir='ltr'>gos,</span> <span class='ocrx_word' id='word_1_10' title='bbox 158 394 209 465; x_wconf 89' lang='lat' dir='ltr'>qui</span> <span class='ocrx_word' id='word_1_11' title='bbox 220 392 336 450; x_wconf 83' lang='lat' dir='ltr'>aliorum</span> <span class='ocrx_word' id='word_1_12' title='bbox 346 394 535 461; x_wconf 87' lang='lat' dir='ltr'>dominantur,</span> <span class='ocrx_word' id='word_1_13' title='bbox 550 413 601 469; x_wconf 86' lang='lat' dir='ltr'>per</span> <span class='ocrx_word' id='word_1_14' title='bbox 609 414 640 452; x_wconf 90' lang='lat' dir='ltr'>se</span> <span class='ocrx_word' id='word_1_15' title='bbox 650 396 741 453; x_wconf 82' lang='lat' dir='ltr'>colere¹</span> <span class='ocrx_word' id='word_1_16' title='bbox 748 396 833 451; x_wconf 83' lang='lat' dir='ltr'>deum</span> <span class='ocrx_word' id='word_1_17' title='bbox 841 396 886 452; x_wconf 86' lang='lat' dir='ltr'>oi-</span> 
     </span>
     <span class='ocr_line' id='line_1_3' title="bbox 102 484 190 524; baseline 0 -1"><span class='ocrx_word' id='word_1_18' title='bbox 102 484 190 524; x_wconf 80' lang='lat' dir='ltr'>mose.</span> 
     </span>
    </p>
   </div>
   <div class='ocr_carea' id='block_1_3' title="bbox 86 567 882 715">
    <p class='ocr_par' dir='ltr' id='par_1_3' title="bbox 86 567 882 715">
     <span class='ocr_line' id='line_1_4' title="bbox 86 567 882 644; baseline 0.006 -20"><span class='ocrx_word' id='word_1_19' title='bbox 86 575 170 633; x_wconf 82' lang='lat' dir='ltr'>Quare</span> <span class='ocrx_word' id='word_1_20' title='bbox 188 574 259 625; x_wconf 76' lang='lat' dir='ltr'>de&#39;ea&#39;t:</span> <span class='ocrx_word' id='word_1_21' title='bbox 290 612 307 639; x_wconf 88' lang='lat'><em>„</em></span> <span class='ocrx_word' id='word_1_22' title='bbox 315 576 397 627; x_wconf 77' lang='lat' dir='ltr'>Extra</span> <span class='ocrx_word' id='word_1_23' title='bbox 412 578 499 644; x_wconf 70' lang='lat' dir='ltr'>uelum,</span> <span class='ocrx_word' id='word_1_24' title='bbox 530 578 596 641; x_wconf 83' lang='lat' dir='ltr'>quod</span> <span class='ocrx_word' id='word_1_25' title='bbox 613 596 684 643; x_wconf 79' lang='lat' dir='ltr'>super</span> <span class='ocrx_word' id='word_1_26' title='bbox 703 567 882 643; x_wconf 81' lang='lat' dir='ltr'>Testamentum,</span> 
     </span>
     <span class='ocr_line' id='line_1_5' title="bbox 322 644 675 715; baseline 0.02 -22"><span class='ocrx_word' id='word_1_27' title='bbox 322 644 434 695; x_wconf 79' lang='lat' dir='ltr'><strong><em>accendet</em></strong></span> <span class='ocrx_word' id='word_1_28' title='bbox 452 645 599 695; x_wconf 63' lang='lat' dir='ltr'>lucemae‘u</span> <span class='ocrx_word' id='word_1_29' title='bbox 614 652 675 715; x_wconf 82' lang='lat' dir='ltr'>(b.)</span> 
     </span>
    </p>
   </div>
   <div class='ocr_carea' id='block_1_4' title="bbox 83 744 890 1925">
    <p class='ocr_par' dir='ltr' id='par_1_4' title="bbox 83 744 890 1925">
     <span class='ocr_line' id='line_1_6' title="bbox 146 744 887 817; baseline 0.005 -19"><span class='ocrx_word' id='word_1_30' title='bbox 146 748 205 799; x_wconf 78' lang='lat' dir='ltr'>too,</span> <span class='ocrx_word' id='word_1_31' title='bbox 225 744 286 799; x_wconf 88' lang='lat' dir='ltr'>Nisi</span> <span class='ocrx_word' id='word_1_32' title='bbox 300 744 368 800; x_wconf 82' lang='lat' dir='ltr'>forte</span> <span class='ocrx_word' id='word_1_33' title='bbox 383 763 419 801; x_wconf 84' lang='lat' dir='ltr'>ex</span> <span class='ocrx_word' id='word_1_34' title='bbox 432 746 497 811; x_wconf 85' lang='lat' dir='ltr'>hoo,</span> <span class='ocrx_word' id='word_1_35' title='bbox 518 747 592 817; x_wconf 88' lang='lat' dir='ltr'>quod</span> <span class='ocrx_word' id='word_1_36' title='bbox 607 764 671 803; x_wconf 87' lang='lat' dir='ltr'>eum</span> <span class='ocrx_word' id='word_1_37' title='bbox 684 748 801 804; x_wconf 88' lang='lat' dir='ltr'>interius</span> <span class='ocrx_word' id='word_1_38' title='bbox 811 750 887 804; x_wconf 84' lang='lat' dir='ltr'>exsi-</span> 
     </span>
     <span class='ocr_line' id='line_1_7' title="bbox 84 820 887 897; baseline 0.005 -22"><span class='ocrx_word' id='word_1_39' title='bbox 84 828 190 877; x_wconf 85' lang='lat' dir='ltr'>stentes</span> <span class='ocrx_word' id='word_1_40' title='bbox 201 820 354 891; x_wconf 86' lang='lat' dir='ltr'>incorporei</span> <span class='ocrx_word' id='word_1_41' title='bbox 365 830 457 876; x_wconf 83' lang='lat' dir='ltr'>essent</span> <span class='ocrx_word' id='word_1_42' title='bbox 467 839 499 876; x_wconf 85' lang='lat' dir='ltr'>ae</span> <span class='ocrx_word' id='word_1_43' title='bbox 509 822 715 897; x_wconf 76' lang='lat' dir='ltr'>intelligibiles,</span> <span class='ocrx_word' id='word_1_44' title='bbox 734 824 807 879; x_wconf 87' lang='lat' dir='ltr'>nihil</span> <span class='ocrx_word' id='word_1_45' title='bbox 817 840 887 895; x_wconf 89' lang='lat' dir='ltr'>opus</span> 
     </span>
     <span class='ocr_line' id='line_1_8' title="bbox 85 894 887 970; baseline 0.002 -20"><span class='ocrx_word' id='word_1_46' title='bbox 85 894 228 950; x_wconf 80' lang='lat' dir='ltr'>habebant</span> <span class='ocrx_word' id='word_1_47' title='bbox 242 895 385 951; x_wconf 88' lang='lat' dir='ltr'>sensibilis</span> <span class='ocrx_word' id='word_1_48' title='bbox 396 896 525 961; x_wconf 89' lang='lat' dir='ltr'>luminis,</span> <span class='ocrx_word' id='word_1_49' title='bbox 541 900 672 969; x_wconf 86' lang='lat' dir='ltr'>quoniam</span> <span class='ocrx_word' id='word_1_50' title='bbox 682 900 737 970; x_wconf 92' lang='lat' dir='ltr'>ipsi</span> <span class='ocrx_word' id='word_1_51' title='bbox 747 898 803 953; x_wconf 92' lang='lat' dir='ltr'>sibi</span> <span class='ocrx_word' id='word_1_52' title='bbox 816 900 887 970; x_wconf 91' lang='lat' dir='ltr'>ipsis</span> 
     </span>
     <span class='ocr_line' id='line_1_9' title="bbox 84 969 889 1043; baseline 0.004 -18"><span class='ocrx_word' id='word_1_53' title='bbox 84 978 153 1025; x_wconf 87' lang='lat' dir='ltr'>sunt</span> <span class='ocrx_word' id='word_1_54' title='bbox 169 969 275 1025; x_wconf 87' lang='lat' dir='ltr'>lumina</span> <span class='ocrx_word' id='word_1_55' title='bbox 289 970 440 1043; x_wconf 80' lang='lat' dir='ltr'>stellaeque</span> <span class='ocrx_word' id='word_1_56' title='bbox 455 971 605 1028; x_wconf 85' lang='lat' dir='ltr'>lucidiores</span> <span class='ocrx_word' id='word_1_57' title='bbox 620 972 700 1028; x_wconf 86' lang='lat' dir='ltr'>visis.</span> <span class='ocrx_word' id='word_1_58' title='bbox 739 972 817 1039; x_wconf 88' lang='lat' dir='ltr'>Quod</span> <span class='ocrx_word' id='word_1_59' title='bbox 838 990 889 1028; x_wconf 89' lang='lat' dir='ltr'>au-</span> 
     </span>
     <span class='ocr_line' id='line_1_10' title="bbox 85 1044 889 1121; baseline 0.002 -20"><span class='ocrx_word' id='word_1_60' title='bbox 85 1055 142 1101; x_wconf 88' lang='lat' dir='ltr'>tem</span> <span class='ocrx_word' id='word_1_61' title='bbox 153 1044 293 1099; x_wconf 87' lang='lat' dir='ltr'>internum</span> <span class='ocrx_word' id='word_1_62' title='bbox 303 1045 396 1100; x_wconf 87' lang='lat' dir='ltr'>velum</span> <span class='ocrx_word' id='word_1_63' title='bbox 410 1052 549 1101; x_wconf 79' lang='lat' dir='ltr'>testimonii</span> <span class='ocrx_word' id='word_1_64' title='bbox 561 1056 653 1111; x_wconf 76' lang='lat' dir='ltr'>vocat,</span> <span class='ocrx_word' id='word_1_65' title='bbox 673 1046 825 1121; x_wconf 76' lang='lat' dir='ltr'>symbolice</span> <span class='ocrx_word' id='word_1_66' title='bbox 838 1048 889 1103; x_wconf 88' lang='lat' dir='ltr'>de-</span> 
     </span>
     <span class='ocr_line' id='line_1_11' title="bbox 83 1118 888 1193; baseline 0.002 -18"><span class='ocrx_word' id='word_1_67' title='bbox 83 1120 189 1193; x_wconf 81' lang='lat' dir='ltr'>signat,</span> <span class='ocrx_word' id='word_1_68' title='bbox 199 1119 273 1190; x_wconf 88' lang='lat' dir='ltr'>quod</span> <span class='ocrx_word' id='word_1_69' title='bbox 284 1118 330 1174; x_wconf 90' lang='lat' dir='ltr'>dei</span> <span class='ocrx_word' id='word_1_70' title='bbox 341 1127 533 1176; x_wconf 89' lang='lat' dir='ltr'>testamentum</span> <span class='ocrx_word' id='word_1_71' title='bbox 543 1122 735 1178; x_wconf 89' lang='lat' dir='ltr'>solumverum</span> <span class='ocrx_word' id='word_1_72' title='bbox 745 1131 800 1177; x_wconf 86' lang='lat' dir='ltr'>est:</span> <span class='ocrx_word' id='word_1_73' title='bbox 817 1138 888 1193; x_wconf 91' lang='lat' dir='ltr'>quae</span> 
     </span>
     <span class='ocr_line' id='line_1_12' title="bbox 86 1196 889 1268; baseline 0.001 -18"><span class='ocrx_word' id='word_1_74' title='bbox 86 1211 154 1250; x_wconf 86' lang='lat' dir='ltr'>vero</span> <span class='ocrx_word' id='word_1_75' title='bbox 171 1202 332 1249; x_wconf 83' lang='lat' dir='ltr'>testamenta</span> <span class='ocrx_word' id='word_1_76' title='bbox 346 1196 457 1268; x_wconf 87' lang='lat' dir='ltr'>seriptis</span> <span class='ocrx_word' id='word_1_77' title='bbox 471 1204 582 1252; x_wconf 85' lang='lat' dir='ltr'>exarata</span> <span class='ocrx_word' id='word_1_78' title='bbox 595 1204 673 1259; x_wconf 89' lang='lat' dir='ltr'>suut,</span> <span class='ocrx_word' id='word_1_79' title='bbox 694 1205 825 1268; x_wconf 89' lang='lat' dir='ltr'>perpetua</span> <span class='ocrx_word' id='word_1_80' title='bbox 841 1197 889 1251; x_wconf 82' lang='lat' dir='ltr'>lir-</span> 
     </span>
     <span class='ocr_line' id='line_1_13' title="bbox 83 1270 887 1341; baseline 0.001 -18"><span class='ocrx_word' id='word_1_81' title='bbox 83 1285 189 1341; x_wconf 87' lang='lat' dir='ltr'>maque</span> <span class='ocrx_word' id='word_1_82' title='bbox 208 1270 414 1341; x_wconf 85' lang='lat' dir='ltr'>comperiuntur</span> <span class='ocrx_word' id='word_1_83' title='bbox 431 1287 481 1341; x_wconf 87' lang='lat' dir='ltr'>per</span> <span class='ocrx_word' id='word_1_84' title='bbox 499 1288 530 1325; x_wconf 91' lang='lat' dir='ltr'>se</span> <span class='ocrx_word' id='word_1_85' title='bbox 548 1279 575 1325; x_wconf 92' lang='lat' dir='ltr'>et</span> <span class='ocrx_word' id='word_1_86' title='bbox 588 1270 718 1325; x_wconf 87' lang='lat' dir='ltr'>similiter</span> <span class='ocrx_word' id='word_1_87' title='bbox 731 1288 761 1325; x_wconf 87' lang='lat' dir='ltr'>se</span> <span class='ocrx_word' id='word_1_88' title='bbox 775 1270 887 1325; x_wconf 84' lang='lat' dir='ltr'>babent.</span> 
     </span>
     <span class='ocr_line' id='line_1_14' title="bbox 84 1345 887 1408; baseline -0.001 -8"><span class='ocrx_word' id='word_1_89' title='bbox 84 1347 162 1400; x_wconf 86' lang='lat' dir='ltr'>llaec</span> <span class='ocrx_word' id='word_1_90' title='bbox 182 1351 273 1399; x_wconf 86' lang='lat' dir='ltr'>autem</span> <span class='ocrx_word' id='word_1_91' title='bbox 293 1361 421 1399; x_wconf 89' lang='lat' dir='ltr'>mensura</span> <span class='ocrx_word' id='word_1_92' title='bbox 443 1353 485 1399; x_wconf 87' lang='lat' dir='ltr'>est</span> <span class='ocrx_word' id='word_1_93' title='bbox 508 1345 662 1401; x_wconf 87' lang='lat' dir='ltr'>communis</span> <span class='ocrx_word' id='word_1_94' title='bbox 685 1346 887 1408; x_wconf 89' lang='lat' dir='ltr'>universorum,</span> 
     </span>
     <span class='ocr_line' id='line_1_15' title="bbox 85 1418 890 1570; baseline 0.004 -23"><span class='ocrx_word' id='word_1_95' title='bbox 85 1418 890 1570; x_wconf 41' lang='lat' dir='ltr'>{retentabittirenumturrira</span> 
     </span>
     <span class='ocr_line' id='line_1_16' title="bbox 434 1535 888 1560; baseline 0.002 -18"><span class='ocrx_word' id='word_1_96' title='bbox 434 1535 441 1560; x_wconf 88' lang='lat'>‚</span> <span class='ocrx_word' id='word_1_97' title='bbox 723 1538 729 1550; x_wconf 87' lang='grc'>,</span> <span class='ocrx_word' id='word_1_98' title='bbox 881 1538 888 1543; x_wconf 92' lang='grc'><em>.</em></span> 
     </span>
     <span class='ocr_line' id='line_1_17' title="bbox 86 1569 888 1635; baseline 0.001 -11"><span class='ocrx_word' id='word_1_99' title='bbox 86 1569 203 1624; x_wconf 90' lang='lat' dir='ltr'>sibilem</span> <span class='ocrx_word' id='word_1_100' title='bbox 214 1586 245 1624; x_wconf 87' lang='lat' dir='ltr'>ae</span> <span class='ocrx_word' id='word_1_101' title='bbox 255 1569 416 1624; x_wconf 83' lang='lat' dir='ltr'>mutabilem</span> <span class='ocrx_word' id='word_1_102' title='bbox 426 1569 559 1634; x_wconf 89' lang='lat' dir='ltr'>babentes</span> <span class='ocrx_word' id='word_1_103' title='bbox 573 1579 711 1635; x_wconf 79' lang='lat' dir='ltr'>naturam,</span> <span class='ocrx_word' id='word_1_104' title='bbox 731 1571 781 1627; x_wconf 85' lang='lat' dir='ltr'>vix</span> <span class='ocrx_word' id='word_1_105' title='bbox 794 1570 888 1626; x_wconf 86' lang='lat' dir='ltr'>habita</span> 
     </span>
     <span class='ocr_line' id='line_1_18' title="bbox 86 1645 889 1720; baseline 0.002 -20"><span class='ocrx_word' id='word_1_106' title='bbox 86 1663 125 1700; x_wconf 78' lang='lat' dir='ltr'>ex</span> <span class='ocrx_word' id='word_1_107' title='bbox 140 1662 171 1700; x_wconf 91' lang='lat' dir='ltr'>se</span> <span class='ocrx_word' id='word_1_108' title='bbox 185 1645 379 1717; x_wconf 83' lang='lat' dir='ltr'>perpetuitate,</span> <span class='ocrx_word' id='word_1_109' title='bbox 402 1646 474 1700; x_wconf 87' lang='lat' dir='ltr'>sieut</span> <span class='ocrx_word' id='word_1_110' title='bbox 488 1647 661 1719; x_wconf 85' lang='lat' dir='ltr'>incorporea,</span> <span class='ocrx_word' id='word_1_111' title='bbox 683 1648 804 1703; x_wconf 86' lang='lat' dir='ltr'>exterius</span> <span class='ocrx_word' id='word_1_112' title='bbox 818 1647 889 1720; x_wconf 59' lang='lat' dir='ltr'>ligae</span> 
     </span>
     <span class='ocr_line' id='line_1_19' title="bbox 86 1720 887 1794; baseline 0.005 -20"><span class='ocrx_word' id='word_1_113' title='bbox 86 1720 191 1775; x_wconf 93' lang='lat' dir='ltr'>mentis</span> <span class='ocrx_word' id='word_1_114' title='bbox 202 1727 329 1785; x_wconf 86' lang='lat' dir='ltr'>utuntur,</span> <span class='ocrx_word' id='word_1_115' title='bbox 346 1737 463 1790; x_wconf 88' lang='lat' dir='ltr'>quorum</span> <span class='ocrx_word' id='word_1_116' title='bbox 473 1721 567 1793; x_wconf 88' lang='lat' dir='ltr'>aliqua</span> <span class='ocrx_word' id='word_1_117' title='bbox 575 1738 626 1794; x_wconf 91' lang='lat' dir='ltr'>per</span> <span class='ocrx_word' id='word_1_118' title='bbox 635 1738 665 1776; x_wconf 88' lang='lat' dir='ltr'>se</span> <span class='ocrx_word' id='word_1_119' title='bbox 673 1730 805 1794; x_wconf 87' lang='lat' dir='ltr'>perpetua</span> <span class='ocrx_word' id='word_1_120' title='bbox 813 1731 887 1787; x_wconf 79' lang='lat' dir='ltr'>sunt,</span> 
     </span>
     <span class='ocr_line' id='line_1_20' title="bbox 88 1795 889 1868; baseline 0.002 -17"><span class='ocrx_word' id='word_1_121' title='bbox 88 1795 186 1866; x_wconf 90' lang='lat' dir='ltr'>aliqua</span> <span class='ocrx_word' id='word_1_122' title='bbox 199 1808 265 1851; x_wconf 82' lang='lat' dir='ltr'>vero</span> <span class='ocrx_word' id='word_1_123' title='bbox 276 1811 327 1866; x_wconf 89' lang='lat' dir='ltr'>per</span> <span class='ocrx_word' id='word_1_124' title='bbox 339 1795 449 1868; x_wconf 84' lang='lat' dir='ltr'>longam</span> <span class='ocrx_word' id='word_1_125' title='bbox 459 1800 565 1853; x_wconf 85' lang='lat' dir='ltr'>tautum</span> <span class='ocrx_word' id='word_1_126' title='bbox 576 1795 720 1868; x_wconf 87' lang='lat' dir='ltr'>periodum</span> <span class='ocrx_word' id='word_1_127' title='bbox 729 1796 889 1853; x_wconf 71' lang='lat' dir='ltr'>dissoluun-</span> 
     </span>
     <span class='ocr_line' id='line_1_21' title="bbox 86 1880 144 1925; baseline -0.034 -1"><span class='ocrx_word' id='word_1_128' title='bbox 86 1880 144 1925; x_wconf 79' lang='lat' dir='ltr'>tur.</span> 
     </span>
    </p>
   </div>
   <div class='ocr_carea' id='block_1_5' title="bbox 132 1975 852 2111">
    <p class='ocr_par' dir='ltr' id='par_1_5' title="bbox 132 1975 852 2111">
     <span class='ocr_line' id='line_1_22' title="bbox 132 1975 852 2043; baseline 0.006 -18"><span class='ocrx_word' id='word_1_129' title='bbox 132 1975 213 2034; x_wconf 74' lang='lat' dir='ltr'>Quare</span> <span class='ocrx_word' id='word_1_130' title='bbox 231 1977 287 2027; x_wconf 76' lang='lat' dir='ltr'>dicit</span> <span class='ocrx_word' id='word_1_131' title='bbox 303 1987 410 2027; x_wconf 79' lang='lat' dir='ltr'>sanetum</span> <span class='ocrx_word' id='word_1_132' title='bbox 427 1978 512 2028; x_wconf 76' lang='lat' dir='ltr'>stolum</span> <span class='ocrx_word' id='word_1_133' title='bbox 525 1979 637 2043; x_wconf 66' lang='lat' dir='ltr'>pontifim</span> <span class='ocrx_word' id='word_1_134' title='bbox 653 1979 688 2030; x_wconf 80' lang='lat' dir='ltr'>od</span> <span class='ocrx_word' id='word_1_135' title='bbox 703 1980 813 2030; x_wconf 79' lang='lat' dir='ltr'>bonorem</span> <span class='ocrx_word' id='word_1_136' title='bbox 830 1990 852 2029; x_wconf 84' lang='lat' dir='ltr'>et</span> 
     </span>
     <span class='ocr_line' id='line_1_23' title="bbox 320 2045 659 2111; baseline 0.006 -17"><span class='ocrx_word' id='word_1_137' title='bbox 320 2045 422 2109; x_wconf 72' lang='lat' dir='ltr'>ybriam</span> <span class='ocrx_word' id='word_1_138' title='bbox 433 2047 537 2110; x_wconf 73' lang='lat' dir='ltr'>furere?</span> <span class='ocrx_word' id='word_1_139' title='bbox 554 2047 607 2110; x_wconf 80' lang='lat'>(28,</span> <span class='ocrx_word' id='word_1_140' title='bbox 621 2048 659 2111; x_wconf 81' lang='lat'>2.)</span> 
     </span>
    </p>
   </div>
   <div class='ocr_carea' id='block_1_6' title="bbox 90 2146 893 2891">
    <p class='ocr_par' dir='ltr' id='par_1_6' title="bbox 90 2146 893 2891">
     <span class='ocr_line' id='line_1_24' title="bbox 150 2146 890 2220; baseline 0 -19"><span class='ocrx_word' id='word_1_141' title='bbox 150 2148 208 2201; x_wconf 74' lang='lat'><strong>⁴07.</strong></span> <span class='ocrx_word' id='word_1_142' title='bbox 233 2148 271 2201; x_wconf 83' lang='lat' dir='ltr'>De</span> <span class='ocrx_word' id='word_1_143' title='bbox 284 2146 402 2202; x_wconf 87' lang='lat' dir='ltr'>eandida</span> <span class='ocrx_word' id='word_1_144' title='bbox 416 2149 591 2220; x_wconf 79' lang='lat' dir='ltr'>pretiosaque</span> <span class='ocrx_word' id='word_1_145' title='bbox 604 2157 681 2204; x_wconf 82' lang='lat' dir='ltr'>veste</span> <span class='ocrx_word' id='word_1_146' title='bbox 690 2153 772 2204; x_wconf 76' lang='lat' dir='ltr'>talare·</span> <span class='ocrx_word' id='word_1_147' title='bbox 781 2156 823 2204; x_wconf 80' lang='lat' dir='ltr'>est</span> <span class='ocrx_word' id='word_1_148' title='bbox 832 2165 890 2202; x_wconf 89' lang='lat' dir='ltr'>ser·</span> 
     </span>
     <span class='ocr_line' id='line_1_25' title="bbox 90 2221 890 2296; baseline -0.003 -18"><span class='ocrx_word' id='word_1_149' title='bbox 90 2239 149 2286; x_wconf 78' lang='lat' dir='ltr'>nro,</span> <span class='ocrx_word' id='word_1_150' title='bbox 171 2237 229 2276; x_wconf 88' lang='lat' dir='ltr'>uon</span> <span class='ocrx_word' id='word_1_151' title='bbox 240 2222 276 2276; x_wconf 87' lang='lat' dir='ltr'>de</span> <span class='ocrx_word' id='word_1_152' title='bbox 290 2223 387 2290; x_wconf 80' lang='lat' dir='ltr'>linteo3</span> <span class='ocrx_word' id='word_1_153' title='bbox 420 2221 450 2277; x_wconf 89' lang='lat' dir='ltr'>id</span> <span class='ocrx_word' id='word_1_154' title='bbox 465 2223 539 2276; x_wconf 87' lang='lat' dir='ltr'>euim</span> <span class='ocrx_word' id='word_1_155' title='bbox 549 2224 642 2277; x_wconf 92' lang='lat' dir='ltr'>nonin</span> <span class='ocrx_word' id='word_1_156' title='bbox 653 2223 783 2279; x_wconf 89' lang='lat' dir='ltr'>bonorem</span> <span class='ocrx_word' id='word_1_157' title='bbox 793 2229 820 2278; x_wconf 88' lang='lat' dir='ltr'>et</span> <span class='ocrx_word' id='word_1_158' title='bbox 830 2222 890 2296; x_wconf 82' lang='lat' dir='ltr'>glo-</span> 
     </span>
     <span class='ocr_line' id='line_1_26' title="bbox 91 2297 890 2370; baseline -0.003 -18"><span class='ocrx_word' id='word_1_159' title='bbox 91 2300 175 2362; x_wconf 85' lang='lat' dir='ltr'>riam,</span> <span class='ocrx_word' id='word_1_160' title='bbox 197 2297 248 2350; x_wconf 90' lang='lat' dir='ltr'>sed</span> <span class='ocrx_word' id='word_1_161' title='bbox 262 2315 297 2351; x_wconf 79' lang='lat' dir='ltr'>ex</span> <span class='ocrx_word' id='word_1_162' title='bbox 309 2298 412 2352; x_wconf 76' lang='lat' dir='ltr'>maiore</span> <span class='ocrx_word' id='word_1_163' title='bbox 421 2297 638 2368; x_wconf 75' lang='lat' dir='ltr'>perfectioreque</span> <span class='ocrx_word' id='word_1_164' title='bbox 648 2298 750 2354; x_wconf 88' lang='lat' dir='ltr'>bonore</span> <span class='ocrx_word' id='word_1_165' title='bbox 760 2315 792 2353; x_wconf 87' lang='lat' dir='ltr'>ao</span> <span class='ocrx_word' id='word_1_166' title='bbox 802 2298 890 2370; x_wconf 79' lang='lat' dir='ltr'>gloria</span> 
     </span>
     <span class='ocr_line' id='line_1_27' title="bbox 92 2371 890 2445; baseline -0.004 -18"><span class='ocrx_word' id='word_1_167' title='bbox 92 2374 183 2445; x_wconf 78' lang='lat' dir='ltr'>agitur</span> <span class='ocrx_word' id='word_1_168' title='bbox 194 2371 228 2443; x_wconf 88' lang='lat' dir='ltr'>(s.</span> <span class='ocrx_word' id='word_1_169' title='bbox 240 2371 414 2444; x_wconf 87' lang='lat' dir='ltr'>praestatur):</span> <span class='ocrx_word' id='word_1_170' title='bbox 446 2373 511 2444; x_wconf 86' lang='lat' dir='ltr'>quia</span> <span class='ocrx_word' id='word_1_171' title='bbox 526 2373 617 2428; x_wconf 77' lang='lat' dir='ltr'>induit</span> <span class='ocrx_word' id='word_1_172' title='bbox 631 2373 717 2437; x_wconf 84' lang='lat' dir='ltr'>illud,</span> <span class='ocrx_word' id='word_1_173' title='bbox 737 2372 848 2444; x_wconf 88' lang='lat' dir='ltr'>quando</span> <span class='ocrx_word' id='word_1_174' title='bbox 861 2374 890 2424; x_wconf 91' lang='lat' dir='ltr'>in</span> 
     </span>
     <span class='ocr_line' id='line_1_28' title="bbox 90 2445 890 2521; baseline -0.004 -19"><span class='ocrx_word' id='word_1_175' title='bbox 90 2447 192 2503; x_wconf 86' lang='lat' dir='ltr'>Sancta</span> <span class='ocrx_word' id='word_1_176' title='bbox 206 2445 368 2502; x_wconf 74' lang='lat' dir='ltr'>Sanctorum</span> <span class='ocrx_word' id='word_1_177' title='bbox 381 2447 512 2502; x_wconf 80' lang='lat' dir='ltr'>interiora</span> <span class='ocrx_word' id='word_1_178' title='bbox 526 2448 693 2521; x_wconf 78' lang='lat' dir='ltr'>ingreditur3</span> <span class='ocrx_word' id='word_1_179' title='bbox 716 2447 806 2501; x_wconf 81' lang='lat' dir='ltr'>talari</span> <span class='ocrx_word' id='word_1_180' title='bbox 820 2462 890 2499; x_wconf 60' lang='lat' dir='ltr'>*vero</span> 
     </span>
     <span class='ocr_line' id='line_1_29' title="bbox 90 2521 889 2593; baseline -0.006 -16"><span class='ocrx_word' id='word_1_181' title='bbox 90 2524 191 2585; x_wconf 84' lang='lat' dir='ltr'>utitur,</span> <span class='ocrx_word' id='word_1_182' title='bbox 212 2521 330 2592; x_wconf 81' lang='lat' dir='ltr'>quando</span> <span class='ocrx_word' id='word_1_183' title='bbox 343 2522 464 2580; x_wconf 84' lang='lat' dir='ltr'>exterius</span> <span class='ocrx_word' id='word_1_184' title='bbox 483 2523 640 2577; x_wconf 82' lang='lat' dir='ltr'>ministerio</span> <span class='ocrx_word' id='word_1_185' title='bbox 655 2522 781 2593; x_wconf 76' lang='lat' dir='ltr'>iungitur</span> <span class='ocrx_word' id='word_1_186' title='bbox 799 2535 889 2574; x_wconf 83' lang='lat' dir='ltr'>eorem</span> 
     </span>
     <span class='ocr_line' id='line_1_30' title="bbox 90 2594 890 2667; baseline -0.005 -15"><span class='ocrx_word' id='word_1_187' title='bbox 90 2595 252 2652; x_wconf 79' lang='lat' dir='ltr'>homiuibus</span> <span class='ocrx_word' id='word_1_188' title='bbox 272 2597 425 2652; x_wconf 87' lang='lat' dir='ltr'>seeundum</span> <span class='ocrx_word' id='word_1_189' title='bbox 449 2598 620 2652; x_wconf 85' lang='lat' dir='ltr'>sensibilem·</span> <span class='ocrx_word' id='word_1_190' title='bbox 633 2596 782 2658; x_wconf 85' lang='lat' dir='ltr'>muudum,</span> <span class='ocrx_word' id='word_1_191' title='bbox 815 2594 890 2667; x_wconf 83' lang='lat' dir='ltr'>apud</span> 
     </span>
     <span class='ocr_line' id='line_1_31' title="bbox 90 2669 890 2745; baseline -0.003 -19"><span class='ocrx_word' id='word_1_192' title='bbox 90 2689 160 2743; x_wconf 81' lang='lat' dir='ltr'>quos</span> <span class='ocrx_word' id='word_1_193' title='bbox 176 2671 281 2745; x_wconf 81' lang='lat' dir='ltr'>gloriae</span> <span class='ocrx_word' id='word_1_194' title='bbox 295 2689 339 2727; x_wconf 85' lang='lat' dir='ltr'>res</span> <span class='ocrx_word' id='word_1_195' title='bbox 353 2673 531 2728; x_wconf 85' lang='lat' dir='ltr'>aestimantur</span> <span class='ocrx_word' id='word_1_196' title='bbox 548 2673 693 2744; x_wconf 80' lang='lat' dir='ltr'>pretiosae.</span> <span class='ocrx_word' id='word_1_197' title='bbox 731 2669 807 2736; x_wconf 82' lang='lat' dir='ltr'>Quae</span> <span class='ocrx_word' id='word_1_198' title='bbox 824 2685 890 2724; x_wconf 87' lang='lat' dir='ltr'>vere</span> 
     </span>
     <span class='ocr_line' id='line_1_32' title="bbox 90 2747 891 2818; baseline -0.002 -18"><span class='ocrx_word' id='word_1_199' title='bbox 90 2748 227 2802; x_wconf 84' lang='lat' dir='ltr'>veraciter</span> <span class='ocrx_word' id='word_1_200' title='bbox 235 2765 279 2802; x_wconf 90' lang='lat' dir='ltr'>res</span> <span class='ocrx_word' id='word_1_201' title='bbox 290 2755 366 2812; x_wconf 87' lang='lat' dir='ltr'>sunt,</span> <span class='ocrx_word' id='word_1_202' title='bbox 383 2748 538 2818; x_wconf 85' lang='lat' dir='ltr'>ineomptae</span> <span class='ocrx_word' id='word_1_203' title='bbox 548 2747 724 2810; x_wconf 78' lang='lat' dir='ltr'>exsistentes,</span> <span class='ocrx_word' id='word_1_204' title='bbox 739 2752 891 2816; x_wconf 82' lang='lat' dir='ltr'>naturaque</span> 
     </span>
     <span class='ocr_line' id='line_1_33' title="bbox 91 2819 893 2891; baseline -0.002 -15"><span class='ocrx_word' id='word_1_205' title='bbox 91 2829 252 2885; x_wconf 84' lang='lat' dir='ltr'>exornatae,</span> <span class='ocrx_word' id='word_1_206' title='bbox 272 2823 419 2878; x_wconf 83' lang='lat' dir='ltr'>honoratae</span> <span class='ocrx_word' id='word_1_207' title='bbox 434 2829 498 2876; x_wconf 90' lang='lat' dir='ltr'>suut</span> <span class='ocrx_word' id='word_1_208' title='bbox 511 2839 526 2874; x_wconf 90' lang='lat' dir='ltr'>a</span> <span class='ocrx_word' id='word_1_209' title='bbox 540 2830 618 2891; x_wconf 84' lang='lat' dir='ltr'>petre</span> <span class='ocrx_word' id='word_1_210' title='bbox 632 2819 666 2889; x_wconf 71' lang='lat' dir='ltr'>(s.</span> <span class='ocrx_word' id='word_1_211' title='bbox 679 2821 815 2889; x_wconf 80' lang='lat' dir='ltr'>pretiosae</span> <span class='ocrx_word' id='word_1_212' title='bbox 827 2826 893 2874; x_wconf 86' lang='lat' dir='ltr'>sunt</span> 
     </span>
    </p>
   </div>
   <div class='ocr_carea' id='block_1_7' title="bbox 0 50 1035 3100">
    <p class='ocr_par' dir='ltr' id='par_1_7' title="bbox 0 50 1035 3100">
     <span class='ocr_line' id='line_1_34' title="bbox 0 50 1035 3100; baseline 0 0"><span class='ocrx_word' id='word_1_213' title='bbox 0 50 1035 3100; x_wconf 95' lang='lat' dir='ltr'> </span> 
     </span>
    </p>
   </div>
  </div>
 </body>
</html>
