2050 3100
180 210 230 264 aet
304 212 403 261 rnrn.
421 212 496 261 ruo.
517 210 678 272 corner.
696 212 746 259 nr
763 212 845 261 con.
866 205 968 276 [nait]

180 334 212 371 ac
225 332 357 370 exornare
370 314 455 370 verba
469 316 615 387 operibus:
642 314 710 369 alias
719 317 873 371 omnesinc
882 332 970 387 opera
1008 315 1018 346 ³

178 393 252 447 tione
262 390 453 462 imperfectum
462 398 491 445 et
500 390 631 446 claudum
641 398 691 445 eat.

213 548 251 613 Γ]
270 545 350 603 orare
367 546 556 612 Quanquam
574 556 596 596 a
613 546 700 611 duplex
716 546 847 610 raama,
863 548 943 612 pano

311 614 432 679 lonqitndo
450 624 473 664 et
485 614 568 678 palmo
587 612 704 665 latitudo?
721 618 774 679 (28,
790 615 844 680 16.)
1017 627 1018 636 ¹

139 728 142 733 '
237 727 294 778 ltl.
314 725 419 794 Duplex
429 733 471 779 est
480 728 619 781 rationale.
659 725 795 789 Primum,
807 726 874 796 quia
886 725 971 797 dupli·

178 817 238 855 cem
249 800 333 855 habct
341 801 488 855 rationem:
520 816 617 863 unam,
637 798 720 855 fontis
730 794 836 854 habens
848 800 970 855 uirtutem

178 878 208 929 in
218 883 331 930 naturae
345 875 484 944 onsiliis3
516 882 543 929 et
558 874 683 939 alteram,
706 872 865 929 eflluxionis
881 874 971 947 (virtu-

177 949 243 1023 tem)
253 950 430 1022 prolativam,
447 965 534 1021 eaque
545 948 650 1021 duplex
660 950 781 1013 exsistit,
796 949 934 1021 quaedam
943 947 971 1003 ad

176 1043 276 1080 verum
285 1025 415 1089 tendens,
428 1024 564 1096 quaedam
575 1041 640 1079 vero
651 1023 685 1078 ad
696 1022 807 1082 fulsum.
838 1024 969 1085 Secundo,

177 1103 243 1172 quia
253 1109 280 1156 et
289 1099 446 1156 intellectus
456 1098 597 1171 duplicem
610 1098 687 1153 videt
701 1115 772 1163 rem,
794 1097 922 1154 divinam
935 1100 972 1153 vi·

177 1175 278 1231 delicet
292 1184 319 1231 et
332 1174 487 1243 mortalem;
519 1175 594 1237 aiout¹
606 1182 632 1228 et
646 1190 701 1229 vox
716 1173 760 1229 his
775 1172 887 1228 duabus
901 1192 974 1229 exor-

176 1252 237 1309 nari
248 1252 353 1315 nititur,
365 1258 510 1321 utramque
520 1248 732 1321 interpretando.
763 1246 974 1319 Quadraapolom

178 1335 269 1389 autem
280 1334 321 1380 est
330 1325 462 1382 rationale
473 1324 638 1398 symbolice,
659 1324 789 1395 quoniam
799 1323 908 1395 oportet
917 1340 973 1380 rer-

176 1400 245 1464 bum
255 1400 364 1455 firmum
376 1408 458 1472 atque
468 1397 610 1453 immobile
620 1398 744 1469 undique
754 1414 828 1462 csse,
844 1398 972 1470 nullaque

176 1483 253 1545 parto
267 1475 406 1529 declinare
422 1476 451 1530 in
466 1473 583 1529 consilio
598 1482 624 1528 et
638 1471 843 1545 interpretando
857 1490 909 1545 per
924 1474 972 1528 lin·

175 1565 260 1620 guam
270 1559 346 1604 etos.
384 1550 426 1604 Aa
435 1554 553 1620 palmum
564 1565 629 1604 vcro
640 1553 770 1618 loope’todo
781 1557 807 1604 et
817 1553 854 1603 od
860 1553 973 1618 patmum

176 1626 287 1678 latitudo
300 1623 363 1678 ideo
378 1631 433 1688 est,
454 1625 521 1696 quia
536 1623 645 1695 palmus
659 1632 737 1678 sexta
750 1641 814 1696 pars
831 1631 874 1678 est
890 1622 971 1679 cubiti

175 1728 213 1738 -
223 1697 334 1752 cubitus
345 1698 420 1752 enim
431 1715 481 1752 sex
490 1698 644 1769 palmorum
656 1707 697 1753 est
709 1729 759 1764 -,
779 1707 811 1753 ut
820 1701 857 1754 sit
867 1708 971 1754 sextum

175 1788 261 1826 unum
271 1788 322 1843 per
331 1771 533 1844 longitudinem
548 1781 574 1832 ct
589 1773 772 1831 latitudinem.
812 1772 972 1847 Symbolum
1017 1826 1018 1833 ,

175 1854 266 1901 autem
276 1844 437 1901 huiusmodi
445 1855 566 1918 praestat
576 1857 778 1921 argumentum.
816 1847 851 1904 Et
866 1849 972 1905 intelle

175 1927 235 1974 otus
250 1936 322 1974 unus
337 1928 379 1975 cst
393 1928 420 1976 et
433 1921 526 1978 unitor
539 1921 730 1979 distinctorum
741 1922 969 1996 intelligibilium,

174 1994 247 2049 siout
261 1996 437 2051 concinnator
450 2013 546 2052 eorum
560 1996 684 2069 ipsorum
697 1997 731 2070 (s.
746 1999 819 2054 siout
837 1999 971 2072 adaptatio
1016 1999 1017 2024 ³

175 2085 237 2123 cum
252 2068 331 2143 illis).
369 2071 405 2126 Et
417 2071 584 2143 prolativum
600 2073 715 2128 verbum
730 2090 816 2128 unum
829 2075 969 2147 quidpiam

175 2153 217 2198 est
231 2144 383 2216 itidemque
393 2146 527 2201 unificum
538 2147 729 2204 distinctorum
739 2147 967 2222 intelligibilium,

175 2228 206 2274 ut
223 2219 376 2275 litterarum
389 2222 420 2275 in
434 2222 564 2296 syllabis,
586 2230 613 2277 et
626 2222 794 2298 syllabarum
808 2224 838 2278 in
853 2224 969 2280 vocabu-

174 2295 224 2359 lis,
245 2296 330 2366 iuque
345 2297 494 2352 multorum
507 2296 704 2362 vocabulorum
718 2299 748 2352 in
767 2298 970 2370 compositioni-

173 2369 228 2424 bus
242 2370 417 2443 prolixisque
429 2371 615 2427 orationibus:
643 2389 715 2443 quae
730 2373 804 2428 enim
815 2373 844 2427 in
855 2372 970 2429 bisinti-

174 2447 231 2500 nita
241 2448 365 2503 extensio
374 2455 416 2502 cst
425 2445 552 2518 profusa,
568 2462 618 2518 per·
631 2447 764 2503 naturalia
779 2448 814 2502 ad
851 2458 924 2505 tatur
939 2448 971 2502 li-

173 2522 294 2592 gamina.
333 2522 420 2577 Habet
434 2519 592 2576 intellectus
606 2535 716 2594 quoque
730 2523 838 2596 longitu
859 2525 934 2579 inem
947 2530 970 2578 et

173 2594 361 2660 latitudinem,
392 2596 523 2666 quoniam
551 2596 708 2652 extenditur
732 2607 759 2654 et
783 2599 916 2654 dilatatur
940 2597 969 2652 ad

172 2671 265 2724 omnia
274 2669 463 2743 intelligibilia
478 2686 528 2740 per
543 2671 828 2742 comprehensionem
859 2675 935 2730 sicut
947 2681 970 2728 et

172 2742 289 2798 verbum
304 2745 337 2798 ad
352 2754 512 2816 utrumque,
533 2745 598 2816 quia
613 2755 640 2802 et
654 2746 706 2802 hoc
715 2748 900 2821 amplificatur
910 2765 970 2823 pro-
