2050 3100
66 279 111 345 [11,
122 275 182 341 eeu]
246 280 288 326 IN
307 280 483 326 GENESIN.
503 280 632 326 sERMo
655 280 698 329 lv.
824 280 875 332 209

65 392 124 439 tae:
154 390 296 449 praecepta
310 390 334 434 et
347 386 486 448 mandam
514 384 646 453 quoniam
658 388 789 453 praecipit
802 386 876 440 sicut

65 458 200 531 princeps
215 456 266 519 iis,
287 455 412 527 quisine
426 464 528 510 terrore
542 474 596 512 non
612 456 693 513 facile
703 458 871 528 obaudiunt;

65 538 177 587 mandat
186 538 279 585 autem
292 530 365 584 sicut
379 529 488 585 dilectis
502 530 634 606 (amicis),
653 535 833 605 precantibus
848 545 874 590 et

66 606 202 662 credulis.
243 605 387 661 Secundae
399 621 465 661 vero
479 604 564 671 duae,
586 613 627 662 ius
642 617 666 661 et
681 612 737 673 lec,
757 610 873 665 virtutes

66 690 132 737 sunt
146 698 214 754 erga
229 680 369 744 hemines,
388 680 493 752 quibus
507 683 590 736 etiam
605 684 753 739 convenire
767 684 873 739 dixeris

66 758 144 830 leges
154 764 183 812 et
192 758 254 811 inra
263 754 399 828 (sancire),
415 763 462 811 aut
470 756 564 827 potius
574 774 702 832 magnam
713 759 815 815 habere
825 778 874 815 cu-

67 832 170 905 ram*).
210 831 356 886 Distinotio
370 839 413 886 est
426 840 454 886 et
467 832 540 887 inter
555 832 636 888 haec:
666 840 708 889 ica
723 836 798 889 enim
812 844 874 908 pot-

67 915 110 963 est
128 906 264 962 exsistere
284 915 366 979 atque
383 914 508 962 constare
527 916 638 973 natura,
659 912 703 963 lec
717 917 808 964 antem
822 927 874 989 pe,-

67 984 183 1048 sitione;
207 982 286 1053 atqui
298 982 386 1037 maior
399 990 466 1037 natu
481 990 524 1036 eat
537 992 632 1054 partus
645 992 772 1051 naturae,
789 1002 872 1057 quam

66 1057 230 1130 positionis,
252 1073 318 1130 ergo
333 1058 433 1120 etius,
452 1054 536 1127 uuam
553 1057 607 1113 lex.

94 1215 132 1283 [Ἴ
154 1214 204 1265 Car
221 1214 290 1280 dicit,
313 1214 379 1279 qued
394 1214 547 1278 „Habr'icvr't
563 1216 639 1266 Isaac
653 1216 847 1281 perspicatione

318 1284 343 1333 in
363 1280 500 1333 Gerorc“?
521 1290 574 1348 (26,
591 1284 628 1348 6.)

125 1389 186 1442 l85.
209 1385 422 1457 Gererosepes
432 1386 524 1450 audit,
541 1370 629 1457 qnam
636 1385 785 1457 allegorice
795 1401 874 1438 sum-

68 1470 142 1534 piem
161 1461 285 1516 dicimus
304 1477 365 1515 esse
382 1462 493 1517 inanem
510 1462 696 1533 inutilemque
713 1460 873 1532 opinionem

69 1537 232 1610 decerpere
247 1536 338 1610 (leque
353 1535 436 1592 rebus
450 1543 528 1592 extra
541 1537 571 1593 id
581 1555 661 1593 caece
670 1535 755 1592 lictis:
780 1536 810 1591 in
820 1535 873 1592 hoc

117 1657 140 1726 ἡ
157 1690 177 1720 ι.
193 1680 236 1719 aa:
264 1679 361 1719 emec
377 1682 445 1718 auem
460 1679 548 1724 ouras
564 1680 640 1724 uem
659 1680 798 1730 arcemur,
822 1680 872 1729 quta

68 1731 171 1770 madio
185 1733 217 1770 eat
229 1732 266 1769 ete.
292 1729 373 1769 Anch.
602 1755 606 1776 ¹

66 1969 121 2007 non
136 1950 250 2019 facilius
264 1949 468 2022 obtemperent,
487 1955 596 2006 madet
610 1966 676 2006 vero
694 1951 871 2024 supplicibus

66 2028 126 2082 suis
135 2036 168 2081 nt
178 2025 295 2093 amicus,
334 2026 533 2095 iustificationes
543 2042 609 2082 vero
619 2034 645 2081 et
656 2030 771 2098 lepitimc
780 2027 871 2081 homi-

66 2102 151 2157 nibus
161 2100 337 2156 destinantur
346 2101 449 2155 nimiae
459 2100 649 2172 providentiae
658 2101 751 2173 plena.
788 2103 870 2174 Legis

65 2194 130 2233 vero
140 2176 239 2250 (marc.
249 2174 371 2247 nanque)
381 2175 500 2230 naturali
511 2179 707 2246 iustificationes
720 2177 868 2248 pertinent,

66 2255 182 2321 tepttimc
195 2267 263 2306 vero
276 2251 423 2324 adoptivae
435 2251 474 2305 ita
489 2249 535 2306 lex
549 2251 601 2306 erit
615 2251 737 2314 iustitiae
753 2258 780 2307 et
789 2251 871 2306 iusti-

65 2328 103 2382 tia
115 2327 197 2399 legis.

115 2465 199 2525 (λειω
216 2466 290 2525 dixit:
316 2465 519 2531 „Incelcverr'tis,
543 2482 572 2514 cc
589 2465 668 2515 incola
689 2464 824 2516 Gerara“t

124 2589 184 2642 ⁴85.
208 2585 703 2657 Gercrcinterpretaturmaceries‚
724 2597 808 2652 quam
821 2598 871 2653 per

68 2662 231 2736 allegoriam
249 2661 371 2715 dicimus
390 2678 451 2715 esse
469 2658 573 2714 iactum
590 2659 683 2732 (marp.
699 2653 810 2726 statum)
825 2673 871 2708 eo-

68 2754 137 2801 rum,
150 2753 237 2808 quare
247 2737 320 2792 cirea
330 2753 430 2808 eorpus
441 2743 467 2789 et
477 2742 554 2789 extra
565 2749 664 2805 eorpus
673 2745 745 2784 vana
755 2734 781 2781 et
792 2731 872 2799 igne-

69 2828 97 2866 as
111 2809 210 2884 (marp.
224 2811 333 2884 inanes)
346 2811 449 2884 glorias
463 2809 627 2884 figurantem
642 2805 726 2858 huius
737 2804 871 2857 maceriae

100 2885 217 2937 Pnsno
234 2884 292 2939 vu.
318 2901 321 2906 ·
642 2878 665 2926 0
