2050 3100
150 130 201 186 200
271 131 370 178 curn.
389 131 462 177 iun.
481 129 646 187 Quansr.
665 129 715 175 sn
735 130 813 175 son.
837 123 953 192 [11,aso.]

151 235 224 289 circa
239 248 288 288 nos
303 247 403 302 corpus
416 237 471 295 est,
492 230 523 283 in
537 246 593 300 quo
606 246 695 302 quum
709 229 846 284 inhabitet
861 231 954 285 anima

150 309 253 363 virtute
267 304 392 378 praedita
407 321 438 359 ac
451 313 582 376 purgata,
603 303 703 359 famem
719 320 773 358 non
788 303 844 358 cibi
856 313 954 376 potus·
1014 324 1015 329 ¹

150 399 219 455 que.
236 379 286 436 sed
296 381 474 452 iniquitatum
486 379 562 434 lacit,
596 380 694 434 Fames
704 387 795 434 autem
805 377 955 435 distinctae

151 465 230 514 sunt:
263 455 353 526 prima
372 454 569 510 ineruditionis
586 470 618 509 ac
636 453 817 509 indocilitatis
835 456 954 524 penuna

151 535 181 587 in
204 529 363 603 proficiente
387 538 415 585 et
437 527 558 602 perlecto
581 545 631 600 per
654 528 833 600 disciplinam
853 537 885 584 et
903 529 954 584 do-

151 607 277 662 ctrinam.
316 605 419 661 Verum
439 603 484 659 his
502 605 629 676 superior
648 611 689 658 est
704 605 843 675 corruptio
857 602 954 675 (vitio-

151 680 222 753 rum)
232 687 340 752 praeter
349 688 488 742 naturam,
508 680 539 733 in
549 677 707 750 possidente
715 680 847 733 virtutem
855 695 893 732 ex
902 697 955 733 na-

151 764 225 820 tura,
241 755 301 810 sine
311 754 381 809 nixu
390 762 417 809 et
427 755 573 817 exercitio,
585 771 635 826 par
644 753 802 808 facultatem
811 752 955 825 quandam

150 847 200 902 per
214 846 243 884 se
258 828 386 884 discendi
405 836 432 884 et
450 827 593 883 audiendi.
631 828 784 900 Utrumque
802 828 909 885 bouum
928 838 955 884 et

151 905 241 959 omnis
251 904 441 976 prosperitatis
451 902 648 974 felicitatisque
658 919 703 958 res
712 919 794 958 sanae
804 902 893 958 menti
908 903 955 958 iu-

151 977 241 1035 cunda
252 987 280 1034 et
288 977 385 1052 gaudii
394 979 487 1052 plena.

187 1119 224 1188 [Ἴ
247 1117 312 1180 Quid
327 1129 361 1172 eti
378 1119 451 1184 „Ivr't
466 1120 542 1187 Isaac
559 1119 594 1170 ad
608 1118 744 1170 mmm
764 1135 843 1185 'qm
859 1117 922 1170 Ph,-
1016 1098 1017 1103 ,

346 1187 479 1240 mensorem
496 1189 522 1239 io
542 1186 678 1238 camur
695 1188 755 1252 (iq)

211 1293 268 1348 uo.
298 1291 401 1346 Littera
415 1288 559 1346 evidenter
572 1288 739 1344 demonstrat
753 1289 815 1344 viae
829 1305 859 1343 sa
875 1289 954 1344 dare.

151 1364 194 1420 Ad
209 1372 328 1421 mantem
347 1381 412 1420 vero
430 1364 640 1434 inquisitionem
657 1364 778 1436 postulat
797 1363 953 1429 certiorem,

152 1620 236 1659 renus
257 1603 332 1658 enim
351 1621 450 1659 sensus
470 1602 543 1658 circa
562 1620 611 1659 nos
629 1621 729 1677 corpus
744 1614 799 1670 est,
824 1607 871 1661 cui
890 1624 956 1662 oum

151 1694 220 1751 pura
234 1686 261 1733 et
274 1678 366 1735 sobria
380 1695 458 1735 mens
472 1680 670 1751 penetraverit,
691 1678 792 1735 famam
806 1697 861 1735 non
876 1682 958 1737 oibo-

152 1770 228 1817 rum,
249 1753 299 1809 sed
313 1752 468 1824 iniquitatis
485 1761 624 1824 operatur.
662 1755 780 1810 Perinde
799 1754 957 1812 differentia

153 1835 195 1882 est
204 1828 276 1883 inter
286 1826 386 1883 famem
401 1835 427 1882 et
441 1826 553 1882 lamam.
591 1828 669 1884 Prior
684 1829 758 1884 enim
772 1828 956 1887 indocilitatis

151 1902 297 1973 penuriam
311 1901 425 1966 lacerat,
446 1911 569 1977 promoto
583 1910 609 1957 et
624 1903 746 1976 perlecto
759 1921 810 1977 per
819 1904 957 1961 eruditio-

152 1994 217 2033 nem
230 1985 257 2032 et
270 1977 423 2032 doctrinam
437 1978 507 2032 viro.
546 1978 704 2034 Novissima
722 1996 786 2035 vero
805 1979 957 2052 dissipavit

153 2068 199 2116 ea,
219 2068 291 2125 quae
307 2053 400 2107 minus
414 2059 476 2123 apta
490 2052 671 2109 videbantur:
703 2054 863 2109 naturaliter
879 2056 956 2110 enim

153 2136 180 2183 et
189 2128 250 2182 sine
260 2127 384 2183 doctrina
392 2128 510 2183 virtutes
521 2128 701 2199 acquiruntur
715 2128 861 2185 obediente
876 2127 957 2184 forti-

153 2201 260 2257 tudine.
298 2204 338 2257 lta
353 2210 468 2274 utraque
483 2202 565 2258 famis
578 2203 763 2260 abundantiae
772 2214 800 2261 ot
809 2203 957 2277 frugalita-

152 2276 189 2331 tis
200 2276 328 2333 meliores
339 2294 370 2332 ac
381 2277 507 2333 laetiores
518 2277 613 2351 (maru.
625 2277 771 2352 lectiores).

191 2414 256 2475 Quid
272 2428 306 2469 ast
323 2417 458 2482 „Paravit
475 2417 550 2469 Isaac
567 2418 603 2468 ud
617 2417 753 2470 Abineleck
770 2434 849 2484 rayca
862 2416 923 2469 Pte

419 2485 488 2537 lirum
507 2487 533 2535 io
555 2484 691 2536 damur

211 2577 269 2631 tto.
294 2577 331 2632 De
346 2576 420 2633 dicto
434 2576 541 2632 clarum
555 2584 606 2630 est.
645 2576 825 2631 Profectionia
841 2577 956 2648 signum

155 2657 277 2707 scrutatu
297 2659 387 2709 autem
407 2651 577 2726 diligentiori
596 2648 661 2721 plus
675 2652 830 2716 invenitur,
855 2657 882 2707 et
897 2666 957 2705 arn-
