2050 3100
132 189 178 239 406
261 191 358 236 PHIL.
378 188 452 234 IUD.
472 182 702 245 conusens
722 185 800 229 SOL.
823 178 937 244 [11,2aa.]

129 294 196 347 salis
208 299 346 353 naturam,
368 290 552 360 privationem
563 305 576 341 a
588 285 764 359 generatione
777 284 938 340 feracitate·
980 275 992 282 ’

130 384 185 438 que
198 367 301 438 pariter
311 365 499 430 denotantem,
523 363 591 434 qnia
600 361 744 416 combusta
753 360 867 431 regione
877 374 938 413 uon

129 444 222 495 minus
238 440 385 494 inferacior
399 447 440 493 est
455 439 569 493 salsosa.
601 438 692 509 ‚Porro
706 435 768 489 vult
784 433 937 490 admonere

129 526 169 580 te,
192 532 263 570 nova
274 532 305 569 ac
318 516 387 569 mira
400 523 525 587 patrans:
548 512 626 567 Sient
638 526 722 581 super
732 508 880 564 Sodomam
890 508 935 572 id,

129 590 203 662 quod
219 598 315 644 natura
330 598 387 645 erat
406 590 480 653 leve,
507 588 637 642 deorsum
653 584 720 640 ferri
737 592 860 638 coactum
879 583 937 638 fnit

129 668 215 721 instar
235 682 344 729 eorum,
375 680 446 735 quae
466 672 563 718 natura
583 670 648 715 sunt
670 660 756 723 levia,
786 660 829 713 sio
848 660 936 713 etiam

129 758 200 812 quae
214 740 376 795 adsalutem
387 739 667 812 perdurationemqne
679 734 750 789 facta
763 741 854 798 crant,
876 734 937 788 sios

128 826 159 871 ut
169 817 224 879 sal,
246 816 325 871 exitii
336 824 418 887 atque
429 812 613 885 corruptionis
624 828 706 866 causa
717 810 857 865 exstitere.

185 922 263 975 Ratio
273 938 347 975 nunc
357 918 497 974 reddenda
508 926 563 982 est,
585 934 669 989 quare
680 915 872 971 mandaverint
883 932 937 968 an-

128 996 184 1069 geli
195 1013 248 1050 non
260 995 350 1051 redire
364 1003 524 1049 retrorsum.
563 994 632 1047 Nam
643 992 710 1045 satis
721 997 853 1047 noverant
862 1006 937 1044 non-

128 1071 220 1125 nullos
235 1070 349 1126 fortasse
363 1070 509 1143 gavisuros
524 1068 559 1123 de
577 1066 731 1121 calamitate
745 1067 816 1122 visa.
856 1065 937 1119 Gau-

128 1146 193 1200 dere
208 1155 299 1201 autem
315 1156 341 1201 et
355 1144 536 1217 pessumdare
550 1142 586 1198 ob
601 1142 741 1197 miseriam
751 1148 933 1203 caeterorum,

128 1224 179 1276 etsi
195 1221 255 1277 iure
271 1222 391 1286 accidat,
413 1220 519 1276 homini
534 1228 625 1274 tamen
641 1235 694 1272 non
708 1216 850 1283 convenit,
874 1224 936 1269 ete-

128 1299 186 1351 nim
198 1296 289 1352 futura
300 1298 365 1371 (ipsi
376 1295 496 1369 quoque)
507 1296 612 1349 incerta
623 1300 700 1358 sunt,
722 1300 750 1347 et
760 1290 935 1346 inexorabile

128 1381 169 1425 est
187 1372 324 1427 iudicium
345 1380 371 1426 et
391 1372 483 1425 subito
500 1366 628 1443 pervenit
646 1368 766 1439 ubique,
793 1384 849 1421 una
867 1384 934 1421 curn

127 1448 288 1515 impotentia
309 1464 341 1499 ac
359 1447 530 1517 gravamine.
574 1444 708 1499 Nonnulli
728 1459 794 1498 voro
816 1442 933 1497 forsitan

128 1520 225 1574 molles
245 1521 388 1591 tenerique
407 1520 508 1592 reperti
528 1519 593 1591 plus
614 1536 701 1591 aequo
724 1534 805 1592 aegre
829 1516 949 1573 ferrent.

127 1611 235 1655 casum,
267 1594 423 1648 visceribus
443 1594 584 1658 ardentes,
614 1595 790 1650 miseratione
810 1595 933 1648 convicti

127 1685 192 1740 prae
211 1668 359 1722 dilectione
379 1671 530 1724 amicorum
548 1677 575 1724 et
592 1668 785 1734 familiarium,
812 1669 933 1741 quibus-

128 1761 192 1798 cum
216 1743 299 1815 paulo
324 1751 386 1798 ante
409 1744 654 1812 conversabantur,
687 1745 810 1816 adeoque
832 1745 934 1798 intimo

127 1818 208 1873 corde
223 1819 295 1872 inter
309 1835 338 1872 se
352 1818 473 1874 invicem
485 1817 522 1893 [Ἴ
535 1821 674 1874 coniuncti
686 1838 717 1875 ac
727 1821 844 1875 connexi
854 1829 934 1874 erant

127 1910 235 1947 summa
253 1893 399 1948 clementia
417 1902 443 1948 et
461 1896 708 1950 commiseratione.
752 1897 822 1950 Istae
836 1896 932 1966 itaque

127 1968 198 2022 duae
209 1969 328 2022 rationes
341 1977 418 2024 erant
431 1969 609 2024 abstrahendi
621 1969 654 2042 (s.
667 1969 829 2034 cohibendi,
843 1988 877 2023 ne
886 1987 933 2023 re-

127 2052 245 2097 trorsum
255 2043 399 2117 redirent),
422 2053 453 2099 ut
462 2045 595 2099 nimirum
605 2062 656 2099 nec
669 2046 753 2100 nimis
767 2045 930 2118 gauderent,

127 2135 217 2189 neque
232 2119 351 2172 nimium
369 2121 595 2174 contristarentur
607 2120 643 2174 de
651 2138 739 2192 poena
749 2121 810 2174 iure
817 2122 932 2173 incussa

127 2193 272 2264 proximis.
313 2195 403 2249 Tertia
423 2194 517 2250 aderat
535 2195 618 2259 ratio,
639 2210 723 2265 quam
741 2212 806 2249 mox
820 2193 932 2266 signifi·

127 2269 205 2323 cabo.
244 2270 344 2334 Deum,
365 2269 446 2334 dicit,
463 2269 639 2341 punientem,
658 2269 824 2334 ohomines,
844 2269 931 2323 nolite

127 2344 236 2410 mirari;
250 2345 317 2398 satis
328 2345 403 2399 enim
413 2344 493 2399 vobis
503 2352 545 2399 est
555 2352 662 2399 tantum
672 2345 842 2416 intelligere,
854 2343 929 2415 quod

127 2419 266 2491 supplicio
281 2419 405 2474 mulctati
421 2427 507 2483 sunt,
520 2419 596 2490 qnod
612 2419 800 2486 merebantur;
823 2427 931 2490 atquo-

127 2496 208 2550 modo
221 2494 250 2548 id
264 2495 339 2566 passi
353 2495 421 2558 sint,
442 2493 629 2566 indagarevel
639 2495 821 2565 perscrutari,
844 2492 930 2548 auda-

127 2569 185 2622 ciae
195 2578 237 2624 est
247 2579 274 2624 et
287 2570 470 2642 arrogantiae,
492 2585 547 2623 non
562 2585 627 2622 vero
639 2569 747 2622 timoris
757 2568 837 2640 (dei),
858 2585 931 2639 quo-

127 2657 190 2696 cum
205 2646 362 2700 conversari
377 2644 542 2716 diligentius
561 2652 588 2696 et
605 2643 774 2696 constantius
792 2642 929 2697 familiare

126 2725 167 2770 est
178 2727 291 2775 naturae
301 2720 438 2774 rationali.
477 2720 580 2772 Littera
590 2715 654 2770 talis
664 2724 715 2770 est.
907 2723 910 2730 '
