2050 3100
140 205 189 256 388
251 210 351 255 PHlL.
371 208 448 253 1111).
470 206 634 265 QUAEST.
654 207 705 253 ET
725 208 808 255 soL.
825 202 871 267 [11,
883 204 944 269 iim]

138 308 499 381 plexhyscinthinatunica,
512 306 764 379 eoqucdsuhniger
775 308 811 362 sit
821 309 876 373 aer,
887 309 943 363 iure

138 386 266 439 subucula
280 382 335 438 fuit
345 381 432 447 dicta,
454 382 585 453 quoniam
595 389 656 453 post
668 381 759 444 illam,
780 398 853 452 quae
864 400 946 455 super

138 464 236 529 pectus
246 466 304 511 erat
314 459 413 521 vestis,
427 456 591 523 exsistehet3
620 472 739 527 namque
751 458 795 510 ae'r
806 456 861 511 suh
873 458 945 512 caelo

139 541 166 588 et
180 531 290 586 aethere
305 539 368 587 stat.
410 532 509 586 Verum
522 530 672 585 admiratus
684 546 746 584 sum
757 538 840 601 atque
851 540 946 604 stupe-

140 605 407 678 factusTheologum
429 623 483 660 una
506 622 572 660 cum
586 604 772 677 'philosophia
797 606 946 679 allegorice

138 698 222 736 usum
237 682 383 736 sententia,
422 679 558 747 Quoniam
570 688 657 734 totum
667 680 774 734 caelum
784 683 895 751 pectori
904 700 946 737 as-

139 755 287 819 similavit,
310 754 373 809 idec
386 763 484 827 pectus
498 754 639 825 pontificis
654 763 767 809 exornat
785 754 831 809 his
851 755 943 820 dietis,

138 848 188 901 per
203 848 249 885 eas
264 847 336 901 quse
349 846 434 902 super
449 830 579 885 humeros
594 829 740 885 exstabant
754 828 854 885 amhae
868 847 946 903 gem-

139 921 199 959 mae
213 913 240 959 et
254 922 304 975 per
318 923 364 959 eas
379 922 450 975 quae
465 921 550 976 super
564 904 696 959 rationale
707 903 858 959 duodecim
869 922 945 978 gem·

139 997 199 1034 mee
212 989 331 1051 quatuor
341 980 487 1035 ordinibus
498 980 648 1051 dispositae
660 981 805 1043 externis,
824 981 887 1035 ae'ro
898 998 944 1036 au-

139 1064 193 1109 tem
205 1055 312 1127 duplici
323 1054 519 1129 hyacinthinae
532 1054 655 1117 tunicae,
672 1054 826 1109 subuculae
835 1054 941 1123 dictam

139 1147 203 1184 ecce
217 1139 245 1185 et
258 1147 309 1203 per
323 1139 443 1186 caeteras
456 1138 547 1203 partes
563 1128 662 1201 ligurat
676 1136 776 1184 terrem
790 1137 819 1184 et
833 1146 943 1201 squam.

138 1206 192 1259 Ubi
203 1222 282 1278 ergo,
303 1204 406 1260 dixerit
416 1202 532 1275 aliquis,
553 1220 571 1257 o
579 1204 719 1275 theologe,
741 1206 778 1259 sit
788 1204 890 1259 mundi
901 1224 945 1261 ca-

138 1288 202 1351 put,
225 1281 309 1336 edoce
324 1298 387 1345 nos,
407 1295 494 1351 quum
510 1280 643 1351 usquein
659 1286 755 1349 pectus
778 1281 941 1349 pervenisti,

139 1355 294 1426 adaptando
305 1356 373 1410 haec
388 1373 459 1427 qnae
474 1361 598 1425 spectent
612 1352 647 1407 ad
663 1352 789 1408 caelum‘.l
817 1354 889 1410 Mihi
905 1365 945 1411 ta·

139 1445 202 1483 men
213 1430 325 1485 videtur
331 1429 606 1502 'respondere'tncite,
623 1428 698 1500 quod
708 1426 889 1485 manifestum
906 1438 945 1486 est

139 1503 239 1567 ideis,
260 1505 310 1576 qui
325 1522 379 1560 non
394 1513 459 1561 sunt
478 1512 614 1568 amentes,
636 1503 685 1560 sed
705 1503 839 1560 ordinatis
860 1506 944 1562 rebus

139 1594 308 1632 consuevere
319 1589 439 1635 mentem
453 1578 598 1635 adiuvare:
632 1580 657 1633 si
672 1579 736 1650 quis
750 1587 842 1634 autem
858 1582 897 1636 sit
911 1581 944 1636 ed

137 1650 353 1724 intelligendum
367 1654 474 1725 gravis,
497 1653 601 1709 audiat.
641 1653 762 1709 Verbum
778 1662 819 1709 est
839 1658 944 1727 sempi-

139 1736 248 1780 ternum
257 1728 420 1797 sempiterni
430 1727 490 1790 dei,
508 1736 592 1801 caput
601 1729 808 1793 universorum,
825 1730 944 1803 subque

137 1798 242 1871 pedum
261 1801 348 1854 instar
368 1810 416 1856 sut
433 1801 604 1872 reliquorum
622 1815 733 1876 quoque
754 1803 943 1860 membrorum

137 1873 295 1928 subiectum
318 1874 389 1929 iacet
413 1877 561 1931 universus
587 1878 720 1941 mundus,
751 1893 835 1949 supra
860 1896 944 1952 quem

137 1949 274 2004 transiens
294 1957 449 2004 constanter
467 1959 529 2006 stat.
578 1953 638 2007 Non
658 1952 786 2023 quidem,
817 1970 850 2008 eo
869 1954 944 2026 quod

138 2022 419 2079 Christus'dominus
442 2034 512 2099 est,:
538 2043 620 2098 supra
645 2026 780 2082 mundum
805 2031 944 2083 transiens

137 2097 216 2153 sedet
235 2098 373 2154 -sedes
393 2101 468 2154 enim
486 2103 547 2156 eius
567 2103 645 2156 iuxta
666 2117 747 2156 suum
772 2110 880 2172 petrem
904 2111 944 2158 est

138 2173 222 2227 deum
235 2205 286 2238 -‚
307 2173 357 2244 sed
372 2177 438 2246 quie
454 2177 641 2230 necessarium
658 2184 699 2230 est
713 2177 818 2230 mundo
834 2177 870 2231 ad
882 2195 945 2248 per-

138 2247 236 2303 lectam
251 2249 455 2322 plenitudinem
470 2268 521 2323 pro
536 2267 601 2305 cura
611 2251 737 2306 habenda
747 2253 945 2306 exactissimae

137 2323 367 2395 dispensationis,
389 2335 471 2397 atque
484 2343 535 2396 pro
549 2325 659 2397 propria
674 2327 777 2396 pietate
789 2328 882 2381 omnis
895 2333 944 2399 ge-

137 2400 212 2453 neris
223 2401 313 2471 ipsius
324 2399 415 2454 divini
425 2400 518 2468 verbi3
541 2402 613 2454 sicut
623 2408 650 2455 et
661 2401 812 2456 animantia
822 2417 894 2472 opus
906 2399 942 2476 [Ἴ

137 2472 241 2528 habent
250 2475 354 2545 capite,
370 2475 431 2528 sine
441 2491 497 2544 quo
507 2476 603 2529 vivere
613 2491 667 2530 non
678 2483 805 2546 possunt.

166 2577 247 2634 Quare
263 2581 471 2645 „peristomium¹‘
487 2580 548 2630 illud
563 2583 594 2629 ab
612 2582 663 2644 ipsc
682 2583 757 2646 toleti
773 2583 823 2645 „in
840 2583 919 2632 medio

235 2664 319 2712 pyrum
327 2649 344 2677 “
361 2647 445 2707 lohet,
464 2663 518 2708 „ne
535 2652 698 2710 rumpctffl?
716 2651 770 2712 (28,
785 2653 839 2711 ³2.)

197 2728 253 2777 tl8.
282 2727 486 2780 Elementorum
511 2727 603 2796 aliqua
629 2737 725 2784 nature
750 2737 816 2783 sunt
833 2730 941 2801 gravia
1006 2741 1007 2770 l
