2050 3100
84 223 87 228 ,
175 160 207 212 50
400 163 583 219 anunente
607 163 744 221 runaut
888 157 917 224 [1‚
926 159 968 225 tn]

173 266 249 333 Quae
259 281 324 321 vero
334 263 444 326 initium
453 280 582 336 accepere
591 263 790 336 generationis,
805 274 968 338 cognoscunt

175 348 333 402 creatorem.
371 336 450 405 Quod
459 340 484 394 ei
494 337 784 412 animaliaterrestria‚
803 340 937 408 aquatilia
946 348 968 394 et

176 417 204 470 in
215 418 278 477 ecre
286 413 407 471 volantia
415 416 568 484 cunctaque
578 412 650 466 entia
660 411 772 476 initium
784 415 967 484 generationis

176 496 339 560 aeceperunt
356 496 387 552 ut
401 496 491 543 essent
505 494 710 558 exstarentque,
731 487 848 554 omnino
864 505 968 544 necesse

175 574 216 619 est
231 573 257 618 et
270 570 357 626 totum
370 561 506 619 mundum
519 569 678 634 generatum
690 557 726 632 (s.
738 562 876 633 creatum)
887 562 966 620 lateri.

176 640 263 710 quum
272 645 363 708 partes
375 638 435 691 eius
445 653 477 690 ac
487 637 618 700 minimae
627 649 736 706 quoque
744 636 905 705 particulae
912 655 968 692 eau-

175 731 234 770 sam
245 713 364 775 habeant
373 711 557 783 generationis
571 727 647 774 suae.
685 710 769 774 Nam,
790 719 823 764 ut
838 710 966 776 diximus,

103 804 107 812 ·
177 789 256 843 cuius
265 804 330 857 pars
340 785 474 858 originem
488 784 572 841 habet
581 783 780 858 generationum,
789 789 895 854 'totum
909 803 969 858 quo-

175 861 464 934 quehabetoriginem
473 859 671 932 generetlenis3
704 865 730 912 et
745 857 907 932 cuiuspars
917 879 968 916 mr-

174 936 296 1008 ruptioni
305 935 423 998 obnoxia
436 942 490 997 est,
511 935 625 990 omnino
632 948 743 991 necesse
755 940 782 989 et
791 942 885 1003 totum
896 937 967 990 etiam

174 1012 316 1070 subiecere
325 1009 503 1080 corruptioni.

230 1139 273 1191 89.
298 1133 526 1207 Quandoquidem
541 1131 606 1188 vero
617 1133 736 1188 humana
746 1141 846 1188 natura
857 1135 968 1206 aprovi-
1002 1137 1003 1140 ’

174 1212 266 1267 dentia
282 1209 437 1272 declinans,
458 1216 491 1262 ut
502 1207 623 1273 desolata
643 1225 674 1262 ac
692 1207 847 1282 destructa,
872 1210 968 1281 impre

175 1287 239 1342 bam
249 1282 304 1340 sibi
315 1285 400 1339 vitam
409 1283 522 1346 ascivit,
538 1282 576 1340 ita
586 1292 616 1336 ut
626 1281 661 1336 ab
671 1282 824 1348 universali
836 1282 968 1339 humanae

175 1363 282 1416 animae
291 1360 397 1432 origine
408 1355 553 1412 abstulerit
566 1356 782 1428 providentiam,
803 1361 968 1428 aequissimo

175 1437 227 1490 erit
240 1433 331 1497 totalis
344 1428 696 1500 dissolutio‘elementorum
707 1431 860 1502 aliquando
872 1433 968 1489 lutura

174 1511 246 1565 Haec
256 1518 297 1563 est
307 1509 380 1563 enim
391 1506 580 1580 providentiae
590 1523 697 1561 summa
712 1504 886 1565 vindictam
902 1526 971 1565 creu-

174 1594 248 1652 turas
263 1583 393 1651 rebelles,
414 1582 582 1655 condignum
596 1582 756 1653 iustumque
773 1581 907 1654 iudicem
925 1586 972 1639 im-

174 1659 229 1729 piis
243 1660 388 1729 praeponi,
409 1666 441 1713 ut
455 1674 554 1728 nempe
568 1656 603 1727 ab
619 1657 654 1710 iis
669 1673 700 1711 ea
714 1655 834 1722 auferat,
858 1658 892 1727 in
908 1676 974 1731 quae
1000 1680 1001 1695 κ

174 1733 261 1787 veluti
273 1734 301 1785 in
311 1732 450 1802 quoddam
458 1732 595 1804 perfectae
607 1730 745 1785 felicitatis
756 1732 928 1789 convivium
939 1734 975 1788 le·

173 1807 314 1862 reboatur.
342 1804 894 1879 Fugiunt-itaqueelementafahacedent,
906 1825 974 1881 quae

173 1877 871 1957 picridentiaeminasiustas[*]1nequiorunt·ferre;
890 1900 976 1955 quae·

173 1970 227 2027 que
242 1956 423 2011 iustrumenta
433 1966 510 2017 erant
519 1958 658 2011 uarietatis
664 1954 765 2009 ‘mundi
775 1956 973 2027 pulcherrimi.

173 2026 385 2087 dissolutionem
391 2032 575 2108 corruptionis
587 2031 746 2085 mmmutrm:
777 2029 921 2101 quoniam
936 2033 976 2087 di-

173 2107 264 2180 gnitas
279 2119 387 2161 morum
401 2106 436 2159 ab
445 2106 610 2168 ,hominibus
625 2105 750 2167 evanuit,
771 2105 976 2163 inconstantia-

173 2199 227 2253 que
237 2177 391 2256 praevaluit
399 2176 429 2234 in
438 2181 605 2250 perturbatis
614 2180 699 2235 animi
709 2180 904 2250 praecordiis,
921 2200 976 2237 ma·
1000 2212 1001 2217 κ

173 2256 591 2332 litiapraeoeeupanteeiusdem
602 2256 782 2318 mansionem.
852 2316 855 2324 Ι

228 2384 271 2443 90.
286 2378 366 2445 Ωιιειθ
375 2395 462 2451 quum
472 2380 510 2447 ita
520 2381 587 2448 sint,
604 2389 638 2450 ¹ut
651 2379 755 2447 dietum
766 2388 821 2450 est,
842 2396 909 2452 quo
920 2386 979 2439 iure

173 2452 875 2525 mundmulterioremdurationemheberevoluerit,
889 2475 979 2529 quum
1000 2486 1001 2489 ¹

170 2525 343 2591 providentia
354 2526 587 2598 longanimitatem
597 2546 676 2583 suam
686 2531 741 2586 iem
751 2530 902 2599 permulta
908 2542 980 2587 tem·

170 2595 491 2661 porademonstraverit‘l
513 2600 620 2669 invitus
631 2603 709 2670 licet,
724 2603 856 2676 deinceps
868 2612 981 2671 terrore

171 2664 305 2730 afficietur
315 2678 344 2737 et
350 2671 499 2743 trepidabit
509 2674 706 2749 elementorum
716 2676 861 2745 nobilitas,
876 2682 983 2751 provi-
