2050 3100
154 192 201 243 ¹56
278 196 375 241 PHIL.
395 194 470 240 IUD.
489 193 651 251 Quanam.
669 194 718 238 ET
742 193 820 239 801..
843 188 962 255 [mett]

154 344 233 402 Quare
254 342 366 392 Rebecca
388 341 467 391 omnio
488 358 539 391 eum
553 340 712 405 festinatione
730 342 798 407 opit?
824 343 859 391 ait
878 345 959 393 enim:

218 410 368 474 „Festinant
385 408 420 457 ad
427 408 522 473 sordem
536 408 615 457 hausit
630 411 755 471 oquom“,
776 419 799 458 et
812 410 960 474 „festinan-

218 488 253 527 ter
268 476 376 541 deposuit
391 474 500 540 hydriam
515 490 586 539 super
603 475 724 524 mmmm
737 479 831 538 euom“‚
847 485 871 525 et
881 494 959 539 „cur-

216 562 270 593 ma
286 543 441 593 nosocomo
468 546 521 606 (24,
533 548 575 591 20.
600 548 641 593 aa.
652 544 837 603 sacomam.)

208 648 264 701 lul.
283 646 356 699 Bona
369 660 452 716 opera
466 642 575 699 honesti
589 660 620 697 ac
635 642 700 698 boni
715 644 776 698 sine
792 661 868 699 mora
888 662 958 716 per-

149 728 244 793 agunt.
284 718 358 774 Talis
379 717 432 773 fuit
451 726 477 772 et
494 719 625 773 universa
645 715 744 773 domus
761 717 888 773 Abrahae
908 738 956 775 sa-

148 795 331 867 pientissimi,
347 794 396 865 qui
407 792 632 864 inhospitalitate
642 801 766 864 receptor
777 792 866 849 iactus
876 792 956 849 divi-

149 885 247 925 narum
257 876 415 924 naturarum
425 866 475 939 (sc.
487 867 668 940 angelorum),
687 865 723 941 [¹⁵]
731 876 813 939 atque
823 876 954 939 receptu—

148 962 196 999 rus
207 944 270 999 illas
281 944 310 998 in
320 942 415 999 cibum
425 942 561 1009 laetitiae3
577 942 650 996 sicut
660 942 744 997 etiam
753 943 815 998 vice
825 960 906 998 versa
917 944 953 998 ab

148 1018 206 1073 illie
220 1018 338 1073 eundem
353 1024 513 1089 recepturus
526 1016 599 1071 nihil
613 1025 748 1081 moratur,
769 1016 820 1071 sed
840 1016 954 1072 festinat
1000 1063 1006 1073 .

148 1095 223 1165 ipse,
242 1094 432 1165 praecipitque
441 1091 522 1146 uxori
532 1092 587 1146 cito
597 1092 695 1155 citius,
714 1090 952 1165 utlaceretpanes

148 1168 362 1225 subcinericios:
385 1166 495 1222 festinat
508 1182 573 1239 ergo
586 1174 614 1221 et
622 1166 736 1233 mulien
759 1168 845 1222 currit
855 1175 953 1222 etser-

148 1260 200 1299 vus
212 1244 246 1299 ad
256 1242 445 1299 officiumsibi
455 1257 618 1313 congruum.
657 1240 808 1307 Quoniam,
823 1242 896 1297 sicut
906 1242 952 1297 hi-

148 1320 265 1374 striones
276 1314 422 1380 haesitant,
434 1316 484 1371 ubi
492 1332 544 1388 par
553 1316 614 1380 erit,
627 1317 761 1380 cunctari,
773 1325 891 1371 econtra
900 1319 951 1388 qui

123 1386 127 1395 ’
148 1396 275 1448 conscius
286 1402 328 1448 est
337 1399 491 1447 constanter
501 1389 684 1463 agendorum,
707 1390 759 1445 hoc
771 1390 834 1446 dato
844 1408 898 1446 non
909 1400 951 1446 te-

147 1468 183 1520 rit
193 1476 313 1537 tempus.
353 1466 496 1521 Caeterum
511 1466 582 1521 bene
597 1474 625 1520 et
637 1466 705 1519 haec
714 1464 800 1531 dixit,
822 1465 950 1521 otiatura

148 1540 272 1596 dicturus
284 1546 338 1606 est,
354 1541 426 1596 sicut
436 1540 577 1613 duplicem
587 1540 762 1598 otiositatem.

207 1695 274 1756 Quae
291 1699 322 1748 ait
339 1699 381 1750 uia
397 1699 521 1751 veritalis?
547 1702 583 1751 ait
601 1703 675 1752 euim.-
703 1701 758 1764 „In
775 1702 816 1751 oia
834 1702 894 1750 veri·

425 1769 524 1818 ramur
550 1771 670 1834 (anes.)

203 1868 261 1923 ⁴25.
280 1866 416 1932 Quoniam
425 1869 528 1924 veritas
538 1878 580 1924 est
590 1871 679 1925 virtus
690 1870 827 1926 mirabilis
838 1878 864 1925 et
873 1869 949 1925 divi-

147 1956 181 1993 na
199 1941 299 2012 visque
314 1941 467 2015 deperdens
481 1944 630 2000 falsitatem
648 1944 681 2018 (s.
696 1945 856 2019 fallaciam),
877 1961 948 2016 qnae

146 2013 220 2068 diota
231 2023 273 2070 est
282 2017 435 2073 secundnm
446 2020 617 2092 vituperium
626 2019 660 2092 (2.
668 2018 879 2093 contemptum),
897 2038 947 2074 ve·

146 2088 212 2143 ritas
223 2098 314 2146 autem
325 2093 478 2148 secundum
486 2095 672 2168 privationem
680 2095 831 2151 oblivionis
836 2093 873 2167 *).
884 2095 948 2150 Vn-

146 2171 190 2217 tus
201 2164 275 2218 enim
289 2168 419 2223 memoria
434 2177 476 2224 est
486 2169 584 2241 dignm
604 2170 649 2225 via
665 2187 730 2226 vero
744 2170 901 2226 conducens
912 2170 947 2224 ad

146 2254 206 2290 eam
225 2255 260 2294 ex
280 2249 371 2297 nostra
389 2252 466 2315 parte
485 2244 670 2316 intelligentia
689 2253 731 2300 est
750 2253 777 2300 et
796 2245 943 2316 sapientia3

146 2329 209 2366 nam
220 2330 269 2384 per
281 2316 348 2371 istas
363 2319 543 2391 comperitur,
565 2318 719 2374 secundum
734 2337 799 2375 vero
814 2320 946 2373 rationem

145 2387 300 2476 voluntario
319 2401 455 2448 carentem
473 2411 525 2467 per
542 2394 727 2466 prophetiam.
775 2395 858 2448 Porro
878 2393 945 2448 haec

145 2473 346 2534 proportmnata
357 2485 499 2540 aequaque
509 2469 557 2525 via
566 2484 663 2524 secura
673 2476 728 2532 est,
745 2483 816 2539 quac
828 2469 946 2524 anterio-

195 2633 218 2694 ξ)
231 2636 298 2676 Ludit
310 2639 371 2679 Phllo
383 2641 406 2680 ln
418 2641 548 2690 etymologia
561 2640 636 2682 (12220.
649 2649 728 2680 vocum
787 2637 892 2693 12020022,
911 2655 945 2683 η-

142 2684 335 2777 ffivfflsscla,
347 2693 369 2730 et
382 2684 472 2740 ὂλήθιια,
486 2701 507 2740 q.
517 2692 589 2731 01000
598 2691 672 2737 latere,
686 2701 728 2732 ror
739 2693 765 2733 01
782 2693 843 2739 claci,
861 2697 944 2734 etcert-
