2050 3100
49 315 170 383 [ntes]
202 321 268 405 'ru
288 321 465 369 cuuneru.
490 322 621 368 senno
639 322 682 371 iv.
809 313 859 369 tlt

48 423 184 477 miseram
194 429 222 477 et
232 421 406 478 indecentem
416 423 663 479 conversationem.
697 423 768 478 Huic
778 423 858 478 simi-

49 497 114 556 liter
134 505 164 552 et
182 498 214 551 in
232 496 358 570 Aegypto
377 499 518 552 cruciante
537 498 661 552 animum
681 515 777 564 suum,
799 499 857 554 -itte

47 573 98 643 qui
113 581 230 628 nomene
243 573 332 628 was
345 577 446 628 nemim
458 573 544 627 lsrael
557 573 679 644 supplex
689 582 748 633 erat
764 582 791 629 et
807 591 858 629 su·

48 649 163 718 spirans
173 663 343 720 gemensque
353 663 454 720 magna
463 663 546 712 voce,
565 664 619 708 non
630 650 720 720 magis
729 666 797 704 voce
806 666 858 704 ex-

47 723 188 777 clamante
207 739 292 793 quem
309 723 488 796 cogitatione,
515 730 659 777 essecutus
678 732 720 778 eet
737 725 857 780 salutem

47 797 109 862 dei,
133 799 185 870 qui
207 799 350 870 angustias
368 814 461 852 rarum
480 796 694 868 appellationem
714 807 741 855 et
759 817 857 872 proces

47 881 140 937 vocat,
153 889 205 944 pro
216 873 371 928 necessario
381 870 517 929 beneficio
527 872 721 933 remissionem
728 891 761 930 eo
771 875 857 931 liber·

47 956 133 1002 tatem
144 946 300 1003 concedens
309 947 516 1004 invocantibus.

48 1089 98 1140 Cur
115 1089 153 1139 εἰσ
170 1089 253 1154 incipit
273 1088 422 1138 benedicere.-
454 1087 544 1151 „Ecce
563 1087 592 1136 de
609 1089 754 1153 pinquedioe
778 1099 856 1139 terrae

90 1158 137 1208 errit
156 1155 274 1208 habitabo
293 1165 335 1207 tuo
353 1155 423 1206 etde
443 1171 497 1205 rore
515 1155 579 1204 coeli
594 1155 734 1219 desuper“t
753 1155 812 1220 (rb.)

101 1259 165 1322 234.
196 1257 294 1316 Viden’
312 1258 388 1332 quod
412 1257 502 1320 mains
526 1257 697 1316 existimanti
716 1265 854 1312 terrenum

46 1351 134 1410 quam
145 1333 276 1400 caeleste,
299 1333 363 1390 talis
374 1333 473 1390 modus
482 1331 651 1391 intervenit?
678 1332 780 1388 Verum
790 1347 855 1403 pro-

45 1409 173 1486 pitiatori
184 1407 307 1466 benefico
318 1409 408 1465 omnis
417 1411 505 1483 gratia
521 1406 666 1472 reddatur,
685 1407 791 1480 quippe
805 1411 854 1477 qui

47 1503 103 1542 non
114 1485 274 1559 permiserit
285 1485 497 1637 animopenitus
508 1484 648 1540 desertum
659 1499 719 1539 esse
733 1481 767 1538 ab
782 1482 856 1560 opti-

47 1579 93 1616 ma
104 1561 258 1633 divinaque
267 1553 368 1628 forma,
389 1560 419 1636 a]
432 1578 520 1633 quum
535 1560 710 1617 descenderit
724 1558 754 1614 in
768 1567 855 1614 terre-

47 1645 104 1692 etre
119 1654 236 1709 corpus,
257 1645 285 1692 et
298 1638 376 1693 vitiis
391 1635 566 1708 flammisque
580 1636 706 1692 comburi
715 1634 855 1707 cupidita-

49 1881 235 1952 deprimentia
244 1882 363 1954 Aegypti
374 1882 480 1945 anima,
501 1889 528 1935 et
541 1880 624 1935 lsrael
636 1880 738 1935 mentis
750 1880 853 1934 intuitu

49 1956 196 2019 sobrium,
220 1956 270 2027 qui
287 1972 351 2013 oum
366 1957 549 2029 ingemuisset
564 1963 591 2010 et
604 1955 786 2019 exclamasset
800 1971 854 2008 non

50 2030 164 2105 regibili
176 2046 253 2094 voce,
268 2029 318 2085 sed
328 2030 512 2108 intelligibili,
525 2032 626 2085 meruit
635 2030 751 2089 satutem
763 2046 778 2083 e
788 2028 852 2092 Deo,

51 2110 100 2177 qui
110 2112 279 2177 opportunas
288 2105 491 2162 obsecrationes
502 2106 593 2161 tacitis
607 2102 854 2160 exclamationibus

51 2180 208 2251 praevenit,
230 2196 280 2252 pro
289 2180 433 2240 benefieiis
442 2181 616 2255 peccantium
625 2179 778 2255 largiendo.

55 2320 136 2379 Quare
152 2321 189 2371 ita
205 2321 287 2385 incipit
307 2322 457 2372 benedicere.-
484 2322 531 2386 „A
548 2322 694 2386 pinqueot'ee
715 2330 793 2370 terroe
810 2320 857 2369 er-r't

131 2388 275 2439 inhabitatio
294 2397 347 2452 tuo,
382 2402 404 2439 et
422 2390 452 2439 de
468 2408 523 2439 rore
540 2390 601 2439 coela¹
616 2390 776 2438 deserturam

107 2483 168 2537 23l.
195 2479 294 2545 Vides,
318 2484 386 2552 quia
405 2484 547 2553 superiora
565 2491 674 2537 terrena
693 2480 854 2534 coelestium

55 2554 212 2612 arbitrando
226 2554 325 2610 modus
339 2557 392 2611 iste
405 2556 557 2629 probatur‘t
579 2556 700 2628 Propitie
719 2559 810 2608 autem
828 2561 856 2607 et

55 2628 249 2687 beneficiorum
273 2628 361 2687 datori
383 2633 476 2692 omnis
497 2632 586 2705 gretie
610 2648 665 2686 non
684 2615 856 2683 admittentis

55 2713 172 2760 mentun
181 2705 235 2760 sub
244 2722 300 2761 uno
309 2706 449 2765 desertum
463 2706 537 2772 fleri,
559 2704 692 2761 ameliori
703 2700 856 2756 etheetiori

56 2782 145 2853 specie
154 2782 309 2851 privatum,
330 2783 416 2839 immo
425 2784 454 2836 in
465 2790 573 2837 terreno
583 2774 856 2850 eorporededuotuna

57 2856 84 2909 iu
90 2854 241 2912 Acheronte
252 2857 546 2932 ethriphlegetbonte
554 2850 854 2923 concupiscentiarum
