2050 3100
136 173 186 226 258
255 175 797 234 PHIL.1UD.QUnEsT.ET80L.
822 170 939 238 [mita]

43 317 49 330 .
137 281 211 333 mine
221 294 300 332 mens
311 277 413 332 similis
424 284 465 332 est
476 275 566 339 caelo,
578 276 710 346 quoniam
720 276 868 330 rationales
874 288 940 332 sunt

136 360 226 423 partes
237 353 395 422 utriusque,
410 369 465 406 una
474 351 588 414 mundi,
599 351 685 406 altera
695 351 815 418 animae3
837 368 939 406 sensus

136 435 227 482 sutem
248 427 349 480 similis
369 435 412 482 est
431 435 533 489 terrae,
563 426 630 496 quia
649 426 731 480 ambo
754 426 940 482 irrationales.

136 503 196 556 Rite
207 502 374 572 igiturorat,
391 510 423 557 ut
432 500 580 572 proficiens
593 500 691 555 melior
700 500 760 563 fiat,
776 508 836 554 tum
845 501 939 571 quoad

135 575 310 639 rationalem,
332 584 391 628 tum
411 574 502 645 quoad
517 575 718 637 irrationalem,
737 579 859 644 pisonem
872 593 940 628 sen-

135 666 197 703 sum
207 658 375 717 sororumque
384 649 557 704 intellectum
566 648 745 720 possidendo.
779 648 939 720 symbolice

136 740 199 778 vero
209 740 253 778 ros
266 722 384 778 verbum
399 731 440 777 est
455 723 597 786 divinum,
618 739 785 796 magnopere
799 730 826 777 et
840 723 940 778 condi·
1023 776 1024 787 ,

134 815 201 869 gne,
224 798 373 868 tranquille
388 805 415 852 et
429 796 587 868 frequenter
600 799 748 852 utilitatem
759 795 848 853 ferens
859 799 940 869 prin-

134 873 190 944 cipi
205 873 301 927 menti.
341 873 471 940 Pinnaedo
480 881 572 926 autem
584 872 670 926 libera
681 880 722 926 est
732 871 841 944 largitio
850 870 939 927 officii
1023 895 1024 898 ¹

134 946 247 1022 choragi
258 945 291 1018 (s.
303 946 458 1020 regiminis)
470 947 624 1001 secundum
639 945 765 1018 singulos
779 963 877 1000 sensus
893 964 940 1000 re-

134 1021 228 1076 ductos
239 1021 292 1075 sub
303 1021 410 1076 habena
421 1021 565 1094 religionis
580 1028 606 1075 et
621 1020 787 1075 sobrietatis.
826 1019 939 1091 Optime
1023 1020 1024 1029 ³

134 1098 251 1152 maiores
266 1113 377 1168 quoque
398 1097 505 1168 antiqui
525 1095 634 1158 dixere,
655 1095 731 1166 quod
750 1094 937 1168 opulentia*),

134 1171 279 1231 nobilitas.
302 1171 427 1235 dilectio,
448 1170 535 1226 honor
550 1178 576 1226 et
589 1170 692 1224 similia
705 1167 741 1246 [Ἴ
754 1178 865 1224 externa
877 1189 941 1224 ser-

184 1347 205 1394 Ι)
220 1346 254 1384 Sic
264 1347 371 1396 colligitur
380 1357 407 1386 ex
414 1347 506 1384 lectione
514 1344 561 1384 cod.
572 1342 600 1389 ῦς
614 1353 657 1382 non
666 1343 728 1382 aliter
736 1343 778 1382 tert
787 1345 809 1382 et
816 1344 863 1382 Lat.
874 1344 938 1383 Ano·
1023 1362 1024 1383 ι

133 1405 218 1443 nymus.
243 1395 325 1436 Verum
339 1397 399 1434 turta
411 1405 462 1436 mss.
476 1395 517 1434 Ab
527 1395 612 1434 altoltus
619 1395 670 1433 talis
679 1403 766 1433 sensus:
785 1394 864 1442 Opusne
873 1396 940 1440 „Its-

132 1447 188 1484 ststa't
200 1449 337 1492 enpmns‘t
352 1448 450 1486 &aarum
462 1447 556 1494 masat:
573 1445 831 1494 qsostmonrasstiostc.
851 1444 940 1486 Auen.
1023 1422 1024 1459 l

132 1670 274 1727 tinnabilis
284 1672 359 1725 enim
369 1671 399 1725 in
409 1678 539 1741 unoque
568 1688 669 1727 sensus
681 1681 773 1729 autem
787 1691 838 1745 pro
851 1683 939 1739 terra,

132 1747 198 1815 quia
212 1746 305 1800 minus
319 1744 475 1801 rationales.
515 1746 550 1801 Et
568 1746 722 1802 morandum
739 1748 857 1805 alterum
873 1755 943 1817 pnt-

131 1836 372 1887 coenomanensem
383 1827 411 1875 et
420 1823 554 1887 recitem·
563 1830 695 1878 mentem.
726 1824 875 1880 Nuntiatur
886 1842 944 1879 au·

132 1901 187 1947 tem
201 1910 251 1964 pro
261 1911 321 1947 rore
334 1910 423 1948 sermo
437 1893 551 1949 divinus
561 1912 626 1950 cum
636 1898 858 1952 mansuetudine.
894 1898 944 1973 [Et

132 1975 258 2023 asserunt
279 1970 373 2039 ipsum
395 1970 503 2025 coelum
528 1970 630 2024 animal
653 1988 727 2028 esse:
760 1972 827 2027 inde
852 1973 943 2029 credo
1023 1979 1024 2014 ³

85 2048 87 2057 '
131 2041 343 2113 Apollinaristas
357 2034 553 2099 incarnationis
569 2045 689 2099 animam
706 2062 836 2119 negasse,
858 2048 943 2102 indi·
1023 2051 1024 2058 ’

132 2133 215 2188 gnam
225 2117 369 2173 salvatoris
383 2119 556 2173 existimasse
562 2117 610 2193 *).]
645 2122 742 2175 Merito
753 2138 818 2193 ergo
828 2125 944 2192 optavit

131 2191 331 2264 magnificaturi
341 2193 516 2247 melioratum
525 2194 731 2259 rationabilem,
754 2195 867 2251 lenitate
880 2198 944 2251 tre-

131 2268 262 2337 quentius
276 2266 437 2339 profuturus
450 2268 684 2339 principantibus.
723 2270 855 2339 Pinqnedc
868 2290 943 2326 vero
1023 2301 1024 2304 ¹

132 2344 259 2414 copiosae
278 2344 551 2398 sumministrationis
570 2343 759 2399 sensualitatis
778 2346 942 2401 secundum

132 2419 327 2473 continentiam
342 2418 552 2491 gubernantem.
591 2418 691 2472 Dixere
711 2421 794 2473 etiam
811 2422 941 2492 antiqui,

131 2492 259 2557 divitias,
280 2494 448 2565 parentelas,
470 2492 607 2547 amicitias
624 2501 652 2546 et
671 2492 821 2565 dignitates
837 2504 865 2550 et
883 2497 945 2550 alia
1023 2507 1024 2514 ’

131 2565 302 2623 huiusmodi
316 2577 391 2623 extra
406 2584 505 2639 eorpus
520 2584 595 2627 esse,
616 2568 762 2623 sanatam
775 2585 855 2630 vero,
880 2570 946 2625 ior-

181 2708 201 2752 ¹¹)
219 2708 284 2747 Uncls
297 2710 380 2749 inclusa
392 2710 560 2749 additamentum
574 2708 696 2757 interpretis
709 2714 765 2749 sunt.
