2050 3100
76 223 197 293 [11,ott.]
255 228 296 274 m
318 227 494 276 GENESIN.
514 229 642 275 SERMO
660 230 703 278 IV.
836 228 881 280 tta

76 332 133 386 lam
157 329 282 402 speciem
304 328 451 401 ideamque
475 331 587 384 virtutis
611 317 801 396 cernentibus,
831 336 881 404 qui

75 423 156 460 suam
173 403 342 476 imperitiam
356 411 383 458 et
403 404 592 476 insipientiam
611 405 881 479 imprudentiamque

74 481 164 536 sacris
175 479 265 533 literis
277 476 424 533 dominicis
435 478 610 544 adscribunt,
621 496 693 552 quae
702 482 827 536 omnium
837 499 881 538 re-

74 573 137 610 rum
147 553 315 610 verissimae
325 561 400 608 sunt.
425 553 503 608 Ratio
514 562 604 610 autem
615 571 646 610 ea
656 564 707 620 est,
719 557 795 627 quia,
808 558 881 614 siout

74 631 151 686 caeci
168 644 257 700 quum
278 635 389 700 tangere
409 635 515 683 tantum
534 629 623 685 solent
641 639 668 686 et
685 638 759 686 tactu
778 631 881 688 adeunt

74 721 205 777 corpora,
224 719 275 757 neo
285 703 403 757 colorem
413 720 464 757 nee
474 704 591 776 liguram
601 721 652 759 neo
663 705 778 760 formam
789 723 879 779 neque
951 750 955 761 ,

73 780 129 835 alia
139 777 270 850 qualitati
280 778 391 849 propria
407 778 518 849 assequi
531 787 660 850 possunt,
681 781 811 837 similiter
824 784 879 836 im-

72 856 174 928 periti,
194 852 330 907 ineruditi
345 861 372 908 et
386 852 492 908 indocti
505 854 594 909 oeulis
612 855 720 910 animas
739 855 878 912 obcaeo'ati

73 931 119 986 val
131 929 318 983 caecutientes
329 944 413 999 supra
424 928 528 984 litteras
543 935 648 984 tantum
663 929 803 996 insidunt,
824 933 878 985 im-

73 1006 224 1076 pingentes
239 1001 475 1074 adhaerentesque
490 1003 557 1058 solis
570 1004 730 1061 nominibus
744 1014 771 1060 ot
783 1006 877 1061 verbis

72 1079 205 1151 prolatis,
218 1077 294 1132 intus
304 1094 371 1132 vero
380 1079 538 1150 perspicere
548 1087 689 1148 nequeunt
699 1077 734 1132 ad
745 1080 877 1135 intuenda
975 1129 984 1139 .

72 1152 278 1226 intelligibilia.
326 1151 413 1207 Habet
433 1160 524 1208 autern
546 1153 635 1207 littera
653 1151 728 1207 haud
748 1154 877 1225 exiguam

73 1228 278 1304 correptionem
297 1225 418 1290 hominis
438 1227 516 1283 avidi
535 1225 659 1300 prodigi,
682 1242 733 1305 pro
752 1226 878 1282 admoni-

72 1306 149 1366 tione
160 1319 271 1366 eorum,
287 1303 336 1373 qui
347 1303 436 1363 curari
446 1310 573 1374 possunt.
612 1302 672 1356 Non
682 1302 758 1355 enim
772 1301 808 1355 ob
822 1302 877 1357 vile

73 1379 251 1452 pulmentum
262 1385 368 1432 coctum
379 1377 518 1434 recusavit
527 1375 619 1449 (Esau)
629 1375 821 1440 maioritatem,
833 1377 878 1431 iu-

74 1455 147 1509 niori
158 1471 219 1508 sam
230 1451 345 1516 cedens,
362 1452 410 1506 sed
420 1453 486 1524 quia
497 1469 595 1507 servus
605 1449 716 1506 deditus
727 1460 790 1506 erat
797 1452 878 1507 volu-

73 1712 167 1759 mento
177 1703 296 1759 virtutes
306 1710 430 1767 cernunt,
441 1701 595 1758 secundum
603 1702 778 1776 prudentiam
783 1702 875 1776 (mora.

73 1776 307 1851 imprudentiam)
327 1794 406 1832 suam
425 1776 537 1833 divinas
552 1777 682 1834 lectiones
695 1777 874 1850 pensitantes,

74 1862 213 1926 quanam
221 1861 301 1908 caute
311 1853 496 1925 praescriptae
506 1861 580 1908 sunt.
621 1853 700 1908 Sicut
713 1852 787 1907 enirn
801 1853 876 1907 casei

72 1937 147 1985 motu
168 1936 276 1984 tantum
295 1944 407 1999 corpora
427 1935 556 1992 nectant,
587 1927 642 1983 non
662 1927 747 1983 decus
766 1927 874 1991 coloris,

73 2020 128 2059 non
139 2003 256 2067 iormas,
268 2018 358 2073 neque
369 2002 486 2081 figuras,
504 2002 549 2057 vel
560 2003 710 2074 quicquam
720 2001 797 2056 aliud
806 2018 876 2073 qua-

74 2078 159 2134 litatis
168 2077 360 2149 testimonium
374 2077 536 2149 probantes,
556 2078 594 2132 ita
605 2078 701 2131 'minus
712 2076 786 2132 docti
796 2086 823 2131 et
831 2078 878 2130 in-

74 2155 139 2209 ertis
155 2154 265 2209 animae
279 2151 353 2207 oculi
369 2152 516 2224 privantur
529 2152 559 2206 in
572 2169 699 2207 sermone
712 2151 876 2206 narrationis

75 2228 216 2300 occupati,
240 2244 293 2281 non
308 2235 431 2283 scrutare
445 2227 557 2282 nomina
571 2227 718 2291 llebraica,
739 2242 794 2280 non
812 2225 877 2280 bar·

75 2302 139 2358 hara
149 2302 320 2356 intrinsecus
334 2301 505 2374 perpendere
520 2312 636 2373 possunt
649 2301 685 2357 ad
699 2299 877 2356 consideran-

76 2376 138 2433 dam
150 2374 329 2439 altitudinem
344 2378 458 2441 mentis,
479 2378 600 2433 maxime
613 2394 676 2432 oum
687 2377 748 2448 ipsa
758 2376 877 2429 narratio

75 2452 274 2508 conscientiam
285 2453 376 2525 arguit
384 2451 572 2522 impunitatis,
591 2460 619 2507 et
628 2451 764 2506 medelam
774 2465 878 2521 sugge-

74 2527 109 2582 rit
123 2544 160 2582 ex
176 2534 281 2599 aperto.
301 2556 339 2568 —
358 2524 431 2593 Quid
448 2526 524 2581 enim
537 2543 588 2599 pro
598 2527 768 2582 irivolaesca
778 2522 878 2593 primi-

75 2602 126 2657 tias
137 2601 242 2656 minori
254 2600 345 2656 cedit‘l
371 2601 406 2655 Ut
421 2600 542 2657 famulus
557 2601 675 2665 ventris,
696 2601 875 2667 vituperator,

76 2676 186 2731 nullum
200 2676 385 2731 continentiae
399 2675 490 2731 zelum
505 2675 648 2738 sectando,
668 2675 707 2727 ita
723 2670 818 2723 altiora
833 2668 878 2721 in-

75 2750 188 2806 tellectu
212 2750 299 2805 huius
325 2750 393 2806 dicti
416 2751 542 2807 veritatis
572 2748 667 2804 titulos
694 2740 878 2797 commendat.
932 2734 936 2747 '

110 2824 226 2875 Pnrno
244 2824 304 2876 Vll.
646 2818 672 2867 N
