2050 3100
44 300 153 367 [11,tso.]
226 292 653 351 ruuxonuu.snnuon
786 301 836 353 337

42 425 113 471 rum,
135 407 184 479 qui
196 407 416 460 communionem
425 422 490 476 prae
500 423 531 460 se
541 404 632 460 ferunt
642 424 706 460 cum
716 406 836 462 dualita-

43 492 76 536 ter
100 481 153 549 Qui
163 498 229 536 vero
239 482 268 534 in
279 481 392 545 unitatis
402 488 527 535 naturam
537 482 700 547 inhaeserit,
712 483 741 536 in
752 482 836 537 deum

43 557 141 612 dicitur
165 557 400 627 appropinquasse
420 558 564 632 cognativa
577 557 697 627 quadam
716 555 837 612 familia-

44 634 131 701 ritate;
165 630 397 703 derelictis'enim
411 632 573 686 mortalibus
593 632 732 687 universis
751 649 837 706 gene-

43 707 129 774 ribus,
157 713 353 767 transmutatur
363 702 404 780 [Ἴ
422 708 451 760 in
466 706 608 772 divinum,
628 708 667 763 ita
681 716 712 762 ut
726 706 772 763 liat
785 707 836 763 deo

43 790 170 855 cognatus
181 797 300 852 vereque
310 780 433 836 divinus.

47 904 121 963 Quare
139 904 243 969 „Mane
257 922 355 970 serpens
367 903 450 954 Moses
467 905 582 968 aedificat
598 906 676 956 altare
691 909 734 957 sub
751 919 834 970 monte,

103 973 276 1104 e34d1o51ecim
302 972 393 1037 lapides
418 974 442 1022 in
469 972 591 1023 duodecim
622 975 696 1023 teitus
720 974 838 1025 lsrael“t

91 1047 133 1181 3(st
153 1077 216 1199 lent
229 1126 323 1196 ipsum
338 1124 420 1179 altare
434 1141 469 1179 ex
483 1124 631 1179 duodecim
641 1124 782 1196 lapidibus
792 1144 838 1181 so·

43 1200 74 1254 lis
84 1198 259 1255 aedificatum
269 1198 335 1262 fuit,
346 1208 377 1253 ut
385 1201 532 1254 universae
541 1200 632 1272 gentis
641 1216 737 1254 omnes
747 1200 837 1254 tribus

42 1274 240 1346 quodammodo
253 1274 349 1329 fierent
362 1291 407 1329 ara
424 1274 469 1329 dei
484 1290 575 1342 sacra;
603 1283 651 1329 aut
668 1281 777 1345 praeter
797 1275 838 1328 al-

41 1359 94 1406 tare
113 1367 238 1405 seorsum
258 1349 405 1404 duodecim
425 1349 532 1421 lapides
552 1350 636 1403 erecti
656 1348 777 1403 fuerant:
807 1357 839 1403 ut

41 1428 142 1497 quippe
162 1426 214 1480 etsi
235 1424 397 1479 desisterent
411 1424 539 1479 nonnulli
553 1424 589 1477 de
601 1424 762 1494 quotidiano
776 1422 838 1478 ofli-

42 1502 97 1565 cio,
118 1500 223 1556 ibidem
238 1516 299 1555 esse
313 1506 487 1571 putarentur,
509 1499 661 1555 absentiam
681 1498 837 1570 aliquorum

41 1577 183 1648 supplente
208 1577 342 1630 constanti
366 1576 500 1630 erectione
525 1575 672 1636 duodecim
701 1574 835 1646 lapidum,

40 1668 105 1722 quos
116 1652 233 1724 contigit
241 1659 447 1706 monumentum
458 1650 518 1706 lieri
526 1650 664 1716 tribuum,
685 1667 754 1722 quas
764 1668 838 1706 sem-

39 1743 86 1796 per
95 1727 157 1782 vult
166 1727 326 1780 assistentes
336 1726 407 1797 patri
418 1727 557 1789 ministros
568 1743 639 1781 esse.

61 1867 143 1926 Quare
160 1867 331 1931 adolescentes,
351 1884 397 1917 noa
414 1884 469 1917 vero
486 1869 591 1918 seniores
607 1867 692 1918 mittit?
710 1870 763 1930 (24,
778 1871 815 1930 5.)

10 1973 11 1984 ’
93 1973 138 2024 31.
162 1968 297 2036 Quoniam
312 1986 392 2024 senes
407 1986 553 2024 numerum
566 1970 658 2042 gentis
676 1972 838 2043 septuagin-

37 2043 95 2117 ta*)
109 2061 175 2116 prae
190 2063 220 2098 se
236 2044 354 2099 ferentes
368 2044 527 2100 obtulerunt
544 2045 579 2100 ad
598 2045 705 2100 radices
724 2047 835 2108 montis,

38 2119 127 2174 oliioio
149 2119 273 2174 adhibito
295 2121 324 2174 iu
345 2121 503 2174 ascensione
521 2119 683 2192 prophetae,
705 2121 837 2176 inconve-

39 2195 115 2248 niens
133 2202 191 2249 erat
206 2195 273 2249 istos
288 2195 389 2249 iterum
401 2195 432 2249 in
447 2195 524 2250 eliud
537 2212 607 2267 opus
616 2211 714 2250 vocare
724 2197 836 2250 iamiam

38 2277 146 2324 vocatos
166 2277 244 2324 antea
264 2271 294 2324 in
312 2271 462 2338 visionem3
502 2278 549 2324 aut
569 2272 722 2329 coaetaneis
742 2287 836 2325 eorum

38 2344 132 2398 iubere
143 2344 311 2399 sacrificium
320 2344 428 2410 offerre,
444 2363 493 2416 pro
504 2344 554 2400 vili
564 2345 710 2400 haberetur
720 2346 775 2409 eis,
786 2345 836 2416 qui

38 2435 89 2473 non
103 2437 168 2474 cum
184 2419 244 2474 illis
257 2419 393 2475 offerrent.
434 2419 561 2475 Secundo
573 2423 639 2491 quia
650 2420 752 2474 seniles
762 2427 837 2474 aeta-

37 2501 76 2547 tes
90 2495 232 2565 primitiae
246 2495 382 2566 quaedam
397 2495 486 2560 luere,
508 2497 679 2550 incruentam
689 2493 836 2565 perficien-

37 2575 77 2622 tes
87 2569 317 2636 immolationem,
334 2588 405 2643 quee
415 2572 503 2643 magis
515 2578 556 2624 est
566 2569 711 2624 familiaris
720 2567 835 2621 senibus

38 2651 122 2699 aetate
131 2647 283 2717 provectis.
317 2645 371 2712 Qui
381 2663 446 2705 vero
456 2663 491 2700 ex
500 2645 594 2700 adulta
603 2646 746 2699 iuventute
755 2642 835 2697 missi

37 2727 101 2774 sunt
119 2720 308 2777 adolescentes
328 2720 362 2775 ad
381 2721 547 2776 sacrificium
566 2716 748 2781 offerendum,
769 2718 835 2789 quia

37 2819 248 2834 -ι--ι--ι

85 2861 107 2909 ΙΙ“)
120 2863 166 2902 rive
180 2865 211 2912 tt,
225 2864 282 2912 quod
295 2865 406 2905 constituit
418 2865 463 2912 t><
472 2865 495 2904 m
509 2866 547 2903 aut
559 2863 584 2902 1⁸2
592 2869 616 2905 ><
624 2859 644 2899 6.

69 2911 183 2966 Pareo
203 2915 264 2968 Vll.
604 2912 628 2961 Y
