2050 3100
165 138 213 190 tus
391 143 578 189 ruinosis
597 135 734 188 mnam
862 139 896 204 [1,
909 141 967 205 ui]

164 241 308 298 meridiem
319 260 417 299 versus
426 259 548 314 expense
563 240 646 296 suut?
678 243 783 314 Nempe
797 246 895 315 utqui
912 263 967 300 sm—

163 317 260 372 bulant
269 318 299 372 iu
312 319 362 382 iis,
383 318 476 373 hieme
485 317 653 372 incalescant
665 325 692 372 et
701 326 802 372 aestate
814 318 910 392 frigus
920 321 966 375 lra-

161 392 255 448 besut.
274 393 460 464 Subsequitur
469 401 561 447 umen
571 401 599 447 et
609 391 695 456 aliud,
707 393 783 464 qued
793 410 851 448 aon
862 395 901 450 ad
911 413 965 450 mo·

161 485 221 522 rem
234 467 384 522 voluntatis
394 467 554 522 labricsutis
565 468 611 522 sit.
650 467 684 521 Et
693 467 764 538 quid
775 467 872 524 illud?
893 469 964 537 Quae

161 543 196 596 de
206 543 345 596 columnis
353 542 456 598 eadum
465 543 595 606 umbrae,
611 541 668 596 diei
679 559 824 598 messinas
834 553 934 600 notant
942 555 964 600 et

160 616 251 670 horas.
290 618 375 670 Immo
390 633 453 670 ecee
468 625 495 672 et
508 617 583 690 ignis
598 624 710 671 naturae
725 627 849 688 estopus
862 621 963 692 oppido

160 691 361 756 necesarium,
377 693 676 763 cousequentieautem
686 692 869 766 eiuslnmus3
892 696 962 752 nihi-

158 765 279 820 lominus
293 765 354 838 ipse
368 782 479 838 quoque
493 765 647 822 identidem
665 767 814 824 utilitatem
832 779 961 842 praestat.

158 839 294 906 Quoniam
310 839 437 914 lampade
451 841 575 897 interdiu
585 859 714 906 aceensa,
735 859 825 914 quum
839 841 962 900 flammae
1006 857 1007 881 ¹

159 914 208 970 lux
223 917 364 972 euanescit
376 916 460 972 solari
475 916 582 973 lumine
595 915 707 982 obruta,
728 934 778 989 per
793 915 908 974 fumum
919 921 961 976 de

159 990 305 1047 nunciatur
315 991 457 1064 expeditio
471 992 658 1048 inimieorum.
699 992 777 1048 Sicut
791 1009 859 1066 ergo
869 995 909 1050 de
918 997 962 1052 Iri-

159 1065 208 1130 de,
220 1067 259 1121 ita
269 1068 352 1124 etiam
362 1067 397 1123 de
408 1067 481 1122 lueis
490 1065 644 1124 delectione
654 1068 723 1124 ratio
734 1066 827 1124 datur.
868 1069 962 1129 Prodi-

157 1144 237 1214 gium
246 1145 322 1198 euim
331 1151 444 1198 naturae
454 1150 508 1207 est¹
521 1141 598 1216 quod
606 1141 693 1198 solem
703 1142 856 1215 lunamque
866 1146 962 1203 subse-

157 1218 253 1288 quitur
267 1218 380 1290 eclipsis
396 1217 522 1273 luminis.
560 1215 603 1274 td
617 1217 686 1274 haee
701 1220 909 1290 praenunciant
922 1229 963 1276 aut

130 1350 134 1355 ,
157 1310 255 1366 regum
271 1293 363 1349 obitus
377 1301 425 1348 aut
437 1293 582 1348 civitatum
593 1292 716 1357 excidia,
738 1293 813 1364 quod
824 1295 963 1354 etPiude-

157 1386 205 1422 rus
220 1369 402 1441 aenigmatice
418 1367 491 1424 dixit
500 1367 536 1425 de
545 1367 644 1441 eclipsi
654 1365 724 1424 lacta
734 1367 763 1426 in
772 1369 962 1449 praelaudatis

157 1445 218 1496 suis
227 1444 330 1500 verbis.
371 1489 373 1492 Α

214 1570 271 1637 llll.
294 1565 332 1643 Γ]
348 1569 475 1624 Cirenlus
489 1574 580 1625 autem
595 1570 698 1627 lacteus
709 1568 836 1625 eiusdem
848 1580 963 1627 naturae

155 1642 293 1714 particeps
304 1651 419 1699 estcum
429 1646 544 1701 caeteris
559 1646 660 1701 stellis:
681 1644 796 1718 difficile
811 1654 910 1703 tamen
926 1658 963 1704 est

155 1717 312 1782 ostendere,
329 1719 404 1789 quod
418 1721 457 1775 ita
472 1722 520 1775 sit.
558 1720 618 1776 Nou
634 1729 724 1777 tamen
735 1720 863 1777 animum
877 1722 964 1797 depo·

155 1800 251 1846 nentes
262 1792 408 1859 desistant,
430 1796 480 1868 qui
491 1796 580 1851 solent
590 1803 714 1851 naturam
725 1796 872 1869 explorare
882 1798 964 1855 inds-

155 1884 290 1940 gareque:
312 1868 397 1923 nimis
413 1871 487 1923 enim
503 1871 581 1925 utilis
595 1878 636 1926 est
646 1872 783 1935 inventio,
805 1871 923 1943 placida
934 1892 963 1929 ac

155 1942 246 1997 dulcis
261 1953 287 1999 et
301 1959 351 2017 per
364 1961 394 1999 se
408 1945 515 2015 privato
530 1948 654 2017 quaestio
672 1945 746 2017 apud
760 1954 898 2002 amatores
914 1950 963 2003 do-

155 2019 269 2080 etrinae.
285 2018 524 2085 Quemadmodum
535 2022 629 2092 itaque
638 2021 678 2076 sol
690 2028 717 2076 et
726 2021 791 2081 luna
802 2021 854 2092 per
864 2026 961 2094 provi-

155 2095 277 2149 dentiam
289 2094 353 2151 lacti
362 2104 440 2160 snut,
453 2096 495 2149 sic
504 2112 615 2167 quoque
626 2094 761 2169 quiequid
771 2097 799 2149 in
811 2098 900 2153 caelis
909 2110 959 2162 est,

154 2179 255 2238 totum;
278 2188 445 2243 quamquam
460 2188 510 2225 nos
521 2171 694 2245 singulorum
704 2179 815 2227 naturas
824 2172 960 2228 virtutes-

154 2263 209 2316 que
220 2247 331 2319 assequi
341 2264 395 2302 non
405 2247 529 2302 valentes
540 2246 779 2321 supersedeamus.

213 2377 271 2428 ⁴⁰2.
297 2375 394 2428 Terrae
413 2380 502 2427 motus
518 2380 608 2428 autem
626 2381 652 2427 et
669 2370 845 2445 pestilentiae
861 2371 959 2429 fulmi-

154 2463 277 2517 numque
286 2464 368 2502 ersus
382 2446 492 2518 aliaque
501 2448 532 2501 id
541 2464 647 2519 genus,
666 2448 719 2503 etsi
734 2446 866 2501 dicuntur
882 2448 957 2503 divi-

153 2520 228 2572 nitus
247 2522 385 2585 immissa,
413 2540 478 2576 vere
492 2531 583 2576 tamen
601 2540 655 2577 nou
674 2530 749 2575 sunt.
788 2521 867 2575 Deus'
882 2524 957 2577 enim

113 2657 117 2665 ἱ
152 2592 258 2646 nullius
270 2594 336 2650 mali
347 2612 430 2650 causa
441 2604 482 2651 est
491 2597 612 2660 omnino,
625 2596 674 2651 sed
683 2595 882 2653 elementorum
895 2614 958 2653 mu-

151 2666 267 2719 tationes
277 2669 330 2721 ista
339 2670 472 2742 gignnut3
489 2686 543 2724 non
554 2678 645 2725 tamen
655 2672 788 2742 primaria
796 2680 863 2727 suut
874 2680 956 2727 natu-
