2050 3100
271 187 449 233 NOMINUM
472 189 521 234 ΕΤ
538 189 682 236 RERUM.
826 185 874 238 2⁴3

110 304 258 354 interficitur
275 302 309 364 11,
327 309 382 353 544.
520 307 875 369 alegebdosaicapessimdo-

19 429 20 434 ,
68 371 466 436 FlagrurumdifferentiaH,528.
519 374 632 434 cuturn,
643 377 701 423 878.

19 451 20 456 ’
67 441 163 490 Fletus
177 446 202 489 et
214 440 314 502 spiritus
329 438 468 487 differentia
484 439 610 489 Fortunae
624 440 773 490 instabilitas
785 439 820 498 11,
832 444 873 488 85.

19 521 21 572 g
109 508 184 568 Ι,51.
484 507 571 557 Frater
591 521 682 571 corpus
698 507 839 556 subindicat
852 507 873 564 1,

20 631 21 638 ἵ
68 575 189 624 Flosculi
208 580 233 622 et
252 573 418 623 tintinnabula
441 573 467 620 in
518 576 575 623 867.
592 579 648 624 559.

19 643 23 704 ’ξ
110 647 180 690 veste
188 641 313 704 pontificis
326 641 347 700 Ι,
358 645 417 689 458.
431 639 465 699 Π,
484 641 583 691 Fratres
593 642 695 705 quinam
703 642 738 701 Π,
749 647 806 690 984.
814 646 873 690 985.

19 835 23 842 ¹
70 775 179 826 Fluvios
194 776 302 838 Aegypti
316 781 341 823 et
354 773 468 835 Euphra·
484 775 589 824 Fructus
604 778 662 826 anni
675 776 756 838 quarti
766 775 800 835 11,
811 779 873 833 4023

19 847 21 866 ²
107 842 182 901 tesi,
196 845 253 890 518.
517 845 661 904 purgandus
683 843 704 901 Ι,
726 846 784 891 347.
815 843 875 890 enni

69 910 180 959 Flavius
196 908 304 970 peradisi
317 906 424 953 uirtutem
441 905 468 954 in
519 909 599 969 quinti
609 910 776 957 comedendus
786 908 807 966 1,
814 914 872 956 849.

19 983 21 1002 ³
108 988 202 1037 genere
212 974 335 1036 significat
343 972 364 1031 I,
376 976 417 1020 56.
519 975 657 1036 supientiae
667 976 699 1022 ad
710 975 791 1023 solum
801 975 875 1022 deum

19 1047 21 1068 ³
67 1041 180 1092 Flavius
197 1040 317 1088 sermonis
330 1039 421 1101 prolati
435 1038 468 1087 si·
518 1041 625 1102 pertinet
633 1041 655 1100 1,
665 1044 723 1088 850.

109 1121 189 1171 gnum
197 1106 219 1166 Ι,
228 1111 286 1155 690.
485 1107 625 1170 Frugalitas
643 1108 670 1157 in
689 1107 756 1154 victu
773 1106 796 1166 Ι,
816 1111 873 1154 689.

19 1177 22 1206 ³
69 1177 257 1225 Foenemtores
270 1173 376 1226 ,sordidi
399 1187 468 1222 vera·
519 1175 574 1223 eius
584 1173 651 1222 bona
662 1173 698 1233 11,
709 1177 766 1221 668.
788 1173 819 1220 ad
833 1174 875 1220 de·

19 1245 20 1272 ³
108 1255 167 1290 rum
180 1254 256 1304 opum
269 1240 347 1289 nescii
360 1240 395 1300 11,
409 1245 465 1288 889.
518 1256 562 1289 um
575 1241 677 1304 propina
691 1240 793 1288 adducit
803 1238 835 1288 ib.

19 1309 21 1338 :
108 1321 198 1358 eornm
210 1308 339 1371 impuritas
358 1308 392 1368 11,
408 1313 465 1357 884.
485 1306 712 1371 Fruges,n0raei‚
725 1308 781 1355 178.
792 1307 875 1354 eonci-

19 1379 21 1407 ³
109 1379 169 1424 985.
518 1375 593 1435 saei,
606 1378 661 1424 179.
676 1374 843 1422 comminutae
852 1373 873 1429 Ι,

70 1446 171 1494 Foetus
189 1455 276 1492 recens
293 1442 346 1491 uati
360 1457 376 1490 a
388 1448 467 1490 matre
520 1447 577 1491 18⁰.
592 1441 773 1499 tostee1,178,

19 1511 21 1530 ⁵
107 1525 142 1561 ne
169 1510 322 1559 obducantur
349 1509 383 1570 11,
408 1513 466 1559 896.
484 1510 612 1561 Frumenti
624 1508 748 1573 primitiae
762 1507 874 1571 diepen-

19 1604 21 1609 v
109 1592 169 1628 cum
182 1582 261 1627 matre
276 1578 365 1625 eodem
381 1576 467 1625 dieue
518 1585 626 1627 tecostes
636 1578 734 1626 oblatae
743 1575 777 1635 11,
789 1581 847 1623 994.

108 1652 250 1695 mactentur
261 1644 296 1703 11,
307 1646 366 1693 897.
484 1646 555 1707 Fuga
564 1646 635 1694 adeo
644 1644 666 1705 Ι,
676 1649 717 1693 98.
738 1642 812 1705 fugae
823 1652 874 1691 tres

19 1724 21 1741 ³
71 1712 170 1763 Fontes
183 1711 302 1763 exantlati
312 1711 435 1759 dulciores
445 1711 465 1770 1,
518 1726 622 1761 causae:
654 1713 751 1771 odium,
781 1717 873 1769 metue,

19 1792 20 1795 ’
109 1785 168 1829 966.
189 1780 265 1829 fontis
278 1779 435 1827 sensusvarii
445 1778 465 1837 1,
516 1781 598 1843 pudor
613 1779 635 1839 Ι,
651 1784 710 1829 546.

109 1850 169 1897 578.
188 1847 279 1895 mentis
293 1846 433 1909 symbolum
444 1846 465 1905 Ι,
484 1846 873 1906 Εηιοοωωηυίεὴοε5εΠ,8ο9.

110 1917 170 1963 578.
184 1913 240 1961 fons
251 1922 331 1963 terrae
341 1913 361 1974 Ι,
373 1918 415 1962 49.
429 1914 466 1961 in·
518 1921 575 1964 885,
589 1915 775 1963 adeelumuiam
785 1921 874 1976 etpur-

110 1981 242 2044 sipientiue
261 1981 281 2040 Ι,
302 1981 359 2029 574.
381 1982 466 2029 iudicii
516 1983 608 2031 iurium
616 1982 733 2044 proclivis
743 1981 778 2040 11,
792 1984 850 2029 848.

108 2048 131 2108 Ι,
149 2050 206 2097 575.
227 2048 374 2097 delictorum
386 2048 419 2096 ib.
483 2049 598 2099 Furtivae
612 2050 648 2097 rei
662 2048 764 2110 duplum
781 2048 874 2109 pende·

19 2130 20 2133 ¹
74 2115 179 2164 Fornax
204 2116 311 2178 vulgaris
337 2116 466 2163 hominum
516 2116 602 2176 turn,
617 2120 673 2163 886.
693 2128 739 2176 pro
754 2127 800 2161 ove
814 2128 874 2173 qua·

19 2194 20 2203 ¹
108 2182 176 2231 vitae
193 2182 276 2244 imago
294 2183 315 2242 Ι,
335 2185 392 2231 867.
408 2187 464 2230 518.
516 2192 585 2243 tuor,
598 2195 643 2244 pro
659 2181 722 2228 bove
740 2180 874 2228 reddantur

75 2249 220 2299 Fornicatio
234 2250 331 2298 animae
343 2251 376 2309 11,
390 2254 447 2297 965.
518 2251 628 2312 quinque
646 2247 682 2304 H,
700 2247 758 2294 887.

74 2316 216 2376 Fortitudo,
228 2316 288 2377 quid
297 2316 319 2375 1,
331 2321 369 2365 56.
378 2319 417 2364 57.
430 2315 464 2374 Π,
483 2318 587 2365 Furtum
603 2312 749 2377 prohibetur
765 2311 800 2371 Π,
814 2318 872 2360 809.

111 2388 169 2433 860.
189 2384 242 2432 eins
253 2383 324 2431 sedes
337 2383 359 2442 1,
370 2387 410 2432 57.
430 2382 467 2430 oi·
518 2388 576 2431 885.
594 2382 647 2430 eius
656 2380 759 2429 nomine
767 2379 828 2440 quid
836 2378 874 2426 in·

110 2451 196 2499 licium
204 2450 226 2509 1,
238 2454 294 2497 158.
308 2450 342 2509 11,
353 2453 409 2499 865.
421 2448 467 2497 fui·
518 2448 637 2510 telligitur
645 2446 680 2506 11,
691 2450 749 2495 906.
769 2446 874 2495 munife-

112 2530 141 2567 eo
152 2516 188 2567 sic
203 2517 270 2566 dictu
282 2516 317 2576 11,
332 2519 388 2565 875.
409 2529 468 2563 vere
518 2516 550 2565 sti
564 2523 590 2563 et
604 2515 693 2564 secreti
705 2527 788 2578 poena
806 2514 875 2562 varia

112 2598 237 2647 quaenam
253 2582 288 2642 11,
305 2586 361 2632 876.
380 2583 407 2631 in
425 2583 467 2631 ad·
517 2582 552 2642 11,
563 2587 620 2631 886.

111 2652 189 2701 versis
214 2650 322 2699 ferendis
343 2655 468 2713 spectatur
485 2650 635 2699 Futuromm
643 2648 754 2712 cognitio
764 2646 873 2712 piispro·

113 2717 144 2766 ib.
165 2733 198 2767 ex
211 2717 334 2781 sapientia
346 2717 424 2766 oritur
435 2716 465 2764 ib.
519 2718 625 2767 mittitur
631 2716 666 2778 11,
678 2720 736 2767 899.
