2050 3100
69 205 115 270 [[1,
126 202 193 269 295]
253 206 295 252 ΙΝ
316 206 494 252 GENESIN.
516 208 644 253 SERMO
658 208 701 256 lv.
834 205 882 257 Η3

69 309 281 370 desiderantes,
303 306 353 377 qui
363 306 455 362 labore
465 307 614 379 studioque
624 310 824 382 magnoipsum
836 323 884 367 ao·

70 383 242 455 quirendam
252 389 387 455 satagant.

74 540 141 598 Quia
162 549 199 590 ert
222 538 373 605 „Inqroerur
395 548 430 588 ert
451 538 509 588 deuo
532 538 568 588 ud
586 537 724 589 abimelech
750 542 775 591 in
801 559 881 594 somno

138 617 224 670 nocto,
254 616 277 656 et
294 607 369 657 dioeit:
394 606 460 656 Eece
480 616 506 656 tu
525 608 624 657 morena
636 618 738 672 propter
755 610 879 675 mulierem,

140 692 216 740 quom
235 675 362 738 acceptat&
376 674 437 738 ¹iata
456 690 512 725 vero
531 683 567 723 ert
584 674 724 727 cohabitans
739 678 792 728 vt'ro
811 680 882 743 (pro-

137 743 252 807 Prf0)“?
278 741 381 807 (2⁰2³)

128 864 175 917 62.
196 861 301 915 Littera
311 858 456 915 manifeste
466 868 552 935 patet.
581 859 624 915 Ad
634 871 754 918 mentem
764 881 829 919 vero
839 866 881 920 sie

68 930 235 1009 exponitur.
275 934 329 1001 Qui
343 934 412 990 falso
425 935 480 989 sibi
494 935 641 1007 persuadet
651 938 802 1010 insipiens,
822 942 881 995 vir-

71 1020 129 1066 tute
143 1028 176 1065 se
186 1008 345 1083 praeditum
358 1026 433 1075 esse,
449 1011 596 1082 corripitur
605 1012 640 1068 ab
650 1014 769 1067 intrante
779 1013 807 1067 in
820 1017 880 1070 ani-

71 1104 145 1141 mam
157 1087 222 1141 eius
232 1085 318 1140 verbo
328 1084 437 1149 divino,
459 1085 534 1157 quod
547 1086 725 1157 reprehendit
735 1094 761 1141 et
771 1088 880 1144 inscru-

72 1169 158 1223 tatur,
167 1176 200 1213 ao
210 1158 285 1229 cogit
295 1157 375 1214 fateri
386 1160 499 1213 alterius
506 1176 567 1213 esse
577 1160 655 1215 illam
665 1160 878 1230 possessionem,

71 1253 126 1291 non
142 1250 213 1291 vero
226 1232 316 1288 illius.
344 1232 453 1304 Optime
469 1241 560 1288 autem
573 1235 710 1305 scriptum
724 1241 781 1287 eet:
797 1239 826 1287 in
838 1251 881 1289 ao-

71 1331 132 1367 mno
142 1318 268 1379 etnoote;
291 1325 355 1363 nam
370 1308 461 1363 anima
475 1308 635 1381 insipientis
649 1307 787 1361 consumit
795 1312 880 1364 vitam

72 1403 153 1441 suam
172 1385 287 1439 omnino
306 1382 453 1438 includens
470 1382 651 1446 intenebris,
673 1383 702 1436 in
718 1390 796 1437 nocte
811 1392 838 1438 et
851 1386 880 1439 in

39 1478 48 1499 ·
73 1461 127 1517 alto
137 1476 252 1524 somno,
271 1458 347 1531 quod
358 1459 463 1517 nullam
474 1458 558 1515 habet
567 1474 680 1531 prorsus
690 1466 796 1530 partem
806 1460 882 1533 vigi·

47 1537 188 1593 'lantiae

109 1693 178 1751 Quid
194 1701 230 1745 eat
251 1692 408 1755 „Adimeleod
426 1659 473 1745 noa
491 1693 602 1756 tetiperot
619 1696 710 1742 eom“?
737 1695 790 1755 (20,
808 1695 845 1756 4.)

131 1809 175 1860 63.
207 1806 310 1860 Littera
329 1805 477 1875 puritatem
498 1803 665 1858 demonstrat
685 1820 716 1857 ao
736 1805 880 1859 eontinen-

75 1885 152 1936 tiam.
192 1880 235 1935 Ad
254 1887 374 1934 mentem
392 1896 457 1934 vero
472 1877 545 1933 iilud
562 1877 599 1954 [*]
615 1877 778 1943 dicendum,
805 1881 879 1950 quod

75 1956 236 2028 insipientis
258 1955 349 2009 anima
364 1971 418 2016 ¹non
433 1963 559 2026 tangere,
586 1971 676 2026 neque
692 1955 879 2026 propinquare

76 2032 205 2086 virtutem
222 2030 296 2093 vuit,
323 2028 447 2101 eoquod
466 2045 521 2084 non
543 2029 633 2085 valeat
656 2027 692 2084 ob
710 2030 878 2102 peculiarem

77 2105 129 2160 sibi
139 2121 256 2160 morem.

80 2260 142 2318 Quid
163 2271 197 2312 eat
218 2261 278 2325 „Eo
300 2261 360 2311 dieii
383 2261 532 2314 Adimeleclt:
557 2261 673 2321 Domine,
699 2272 790 2326 pentem
812 2263 879 2327 ipae-

245 2339 337 2378 rantem
355 2339 377 2379 et
394 2331 479 2379 {uatum
494 2329 621 2394 perdea“?
650 2329 709 2393 (ib.)

130 2433 172 2485 di.
194 2431 303 2495 Nesei0,
317 2449 351 2486 an
361 2432 515 2503 ignorantia
526 2430 672 2486 eoncordet
682 2448 745 2485 cum
755 2429 879 2484 iustitia?

78 2505 145 2560 Sunt
164 2515 257 2560 tamen
280 2507 329 2577 qui
349 2506 457 2571 dicant,
492 2523 547 2561 non
565 2523 626 2561 esse
646 2523 682 2560 ex
703 2507 774 2559 serie
794 2505 878 2558 nimis

79 2579 257 2644 mundorum,
278 2581 316 2635 ita
330 2589 361 2635 ut
375 2589 458 2652 queat
471 2581 597 2636 stabilire
611 2588 638 2634 et
651 2579 800 2634 certificare
814 2595 879 2631 sen-

79 2655 189 2708 tentiam
204 2663 287 2726 atque
301 2671 433 2727 seponere
448 2655 478 2709 id
493 2656 569 2728 qued
586 2655 739 2728 genuinum
756 2665 810 2704 non
826 2660 877 2706 est.

80 2727 169 2852 Dipam
191 2730 301 2856 itaqppl,
325 2747 505 2804 ogenerose,
530 2748 584 2784 non
603 2730 675 2848 ⁵ng
693 2725 878 2779 voluntarium

141 2817 225 2855 areo
298 2840 304 2855 .
