2050 3100
161 235 207 287 136
273 236 278 251 ’
382 238 569 285 Pulmonis
587 237 724 283 tunam
854 232 888 297 [1,
899 232 953 299 lll.]

158 341 469 471 tunulum
476 336 954 485 {iustitium

158 490 223 545 dem
236 489 376 561 explioare
388 504 442 543 non
454 488 566 552 valens,
585 488 652 559 quia
666 487 793 559 linguam
806 488 954 546 nonhabet

160 562 198 639 [⁴¹]
210 564 394 627 articulatam,
406 562 579 617 manifestius
589 570 693 625 tasum,
705 578 790 632 quam
803 578 884 627 vaae,
893 580 954 633 ope-
995 590 996 619 l

158 656 221 693 rum
231 639 372 694 veritatem
381 638 437 702 eis.
457 638 507 709 qui
518 644 595 693 toute
608 636 854 709 ponuntuidnrffi
876 654 954 709 expe

158 730 237 767 nens.

214 801 257 853 lt.
286 797 370 854 Canis
389 813 476 869 mm
494 796 711 869 persequabatur
727 796 834 863 leram,
860 816 953 871 perve-
995 840 996 873 3

156 875 236 929 niens
251 872 286 927 ael
299 872 400 927 fossam
412 872 590 944 prolundam,
611 874 688 929 iuxta
702 886 787 943 mam
795 872 875 929 dnae
884 882 954 929 ormi

156 948 283 1011 semitae,
298 964 353 1002 una
363 947 398 1003 ad
407 947 545 1013 dextram,
558 948 847 1013 literatissimum,
858 950 954 1021 paula-

157 1022 215 1078 lum
225 1038 255 1077 se
265 1022 379 1087 sistens,
390 1023 494 1093 quoire
502 1030 652 1095 oporteret,
664 1021 865 1077 meditabatur.
891 1024 954 1079 Gur·

156 1106 320 1153 rens-antem
331 1096 529 1171 adnumerum,
548 1106 577 1152 et
590 1097 697 1153 nullum
710 1098 955 1155 invenianimi-

156 1173 249 1245 gium‚
270 1187 397 1228 reuersus
409 1188 460 1243 per
474 1172 587 1227 alteram
596 1172 663 1227 ibat.
702 1171 822 1238 &nando
832 1190 955 1229 vunne-

156 1265 211 1319 que
221 1250 251 1303 in
260 1248 313 1302 ista
323 1255 414 1319 aperte
425 1256 568 1319 appareret
578 1246 690 1318 aliquod
701 1248 829 1321 signum,
841 1250 955 1303 transsi-

89 1317 100 1325 ”
158 1322 228 1377 liene
239 1321 340 1376 fossam
354 1323 461 1376 curiose
476 1321 602 1395 indagat,
621 1321 888 1393 praeterodoratum
898 1342 955 1379 eur·

156 1414 219 1451 sum
229 1397 396 1451 accelerans:
421 1396 488 1450 satis
502 1396 643 1451 declarans
658 1413 711 1451 non
726 1396 818 1451 obiter
833 1397 906 1455 haee
920 1398 956 1454 la·

156 1471 297 1551 cerensed
307 1472 399 1543 potius
410 1488 473 1526 vera
484 1471 663 1542 inquisitione
673 1470 794 1525 consilii.

212 1566 255 1619 lo.
281 1563 432 1620 Consilium
447 1572 538 1620 autem
552 1562 615 1620 talis
633 1579 664 1618 oo
684 1563 806 1618 itationis
828 1563 956 1622 dialecti·

156 1638 182 1691 ei
195 1632 336 1708 appellant
356 1638 601 1706 demonstrativum
620 1579 733 1694 eviiens
752 1640 850 1710 quinti
871 1633 956 1697 modi.

155 1711 290 1777 Quoniam
304 1713 349 1768 vel
365 1713 399 1772 ad
414 1713 538 1771 dextram
551 1711 608 1768 fera
618 1711 689 1785 fugit
698 1714 742 1785 uel
753 1713 789 1768 ad
799 1715 955 1780 sinistram,

156 1793 203 1840 aut
211 1784 324 1841 demum
333 1789 490 1845 transsiliit:
507 1795 534 1843 et
543 1787 657 1860 quidem
666 1787 732 1842 haec
742 1795 769 1843 et
778 1789 895 1847 similes
906 1791 957 1847 for-

155 1877 215 1914 mae
228 1860 377 1918 verborum
393 1862 565 1934 explicantur
583 1861 618 1916 ab
639 1861 809 1918 hominibus.
853 1865 956 1926 Verum

154 1934 319 2006 intelligitur
333 1952 387 1991 non
401 1937 517 1994 obscure
532 1944 558 1992 et
572 1935 645 2010 apud
659 1945 777 1994 caeteros
792 1937 858 1994 sine
880 1959 956 1996 men-

155 2007 272 2064 dacitate
282 2008 405 2082 Aesopus
415 2029 525 2084 quoque
535 2012 564 2066 in
578 2020 653 2084 parte
668 2013 788 2067 maxima
802 2017 903 2085 operis
918 2016 956 2071 fa-

155 2083 291 2138 bellarum
303 2102 426 2140 suarum.
464 2089 533 2142 Nam
543 2087 594 2141 atsi
606 2088 680 2142 vonis
689 2103 789 2158 enpens
800 2088 839 2142 eit
851 2093 955 2146 articu-

155 2160 225 2214 latae
235 2161 351 2225 animal,
369 2170 525 2216 nontamen
537 2161 779 2218 liatioastlaloulaa
793 2162 861 2228 illa.
884 2183 955 2238 quae

154 2235 228 2290 inest
237 2235 279 2290 eis
287 2236 423 2307 sapientia
431 2237 603 2308 scientiaque
611 2237 641 2292 in
651 2237 745 2292 multis
753 2236 852 2292 rebus.
884 2240 955 2296 ane

155 2311 229 2364 enim
244 2311 274 2365 in
287 2311 443 2382 proverbiis
453 2312 539 2366 etiam
550 2312 686 2367 acutiores
700 2313 770 2368 iuter
780 2311 918 2374 homines
928 2316 955 2370 in

154 2385 300 2456 cogitando
309 2385 400 2440 solent
410 2388 505 2440 menri
520 2385 632 2458 vulpes:
663 2385 731 2442 adeo
741 2385 831 2442 besti·
849 2390 907 2444 ists
922 2407 955 2444 ex

154 2458 277 2514 elai-itale
295 2460 499 2531 multiplicique
514 2461 753 2516 rerantiauaentis
772 2460 955 2522 admirationi

154 2540 216 2584 neta
227 2533 413 2602 apird'mnltoa
420 2543 474 2588 ast.
511 2535 621 2590 Etenim
631 2536 773 2592 simiorum
782 2536 872 2594 etiam
883 2539 954 2594 stul·

152 2604 278 2687 unumne
294 2615 417 2674 praestat
471 2607 557 2662 ‘litata
567 2626 702 2669 manuum
714 2618 742 2666 et
755 2609 816 2665 ludi
829 2615 954 2682 praesti·

151 2689 227 2812 ᾖ
241 2678 333 2802 m,
509 2682 796 2754 sinitquosvoluerlt.
817 2683 953 2759 demptos
