<?xml version="1.0" encoding="UTF-8"?>
<!DOCTYPE html PUBLIC "-//W3C//DTD XHTML 1.0 Transitional//EN"
    "http://www.w3.org/TR/xhtml1/DTD/xhtml1-transitional.dtd">
<html xmlns="http://www.w3.org/1999/xhtml" xml:lang="en" lang="en">
 <head>
  <title>
</title>
<meta http-equiv="Content-Type" content="text/html;charset=utf-8" />
  <meta name='ocr-system' content='tesseract 3.04.00' />
  <meta name='ocr-capabilities' content='ocr_page ocr_carea ocr_par ocr_line ocrx_word'/>
</head>
<body>
  <div class='ocr_page' id='page_1' title='image "./operaomniaadlib02philgoog/operaomniaadlib02philgoog_0324.png"; bbox 0 0 2050 3100; ppageno 0'>
   <div class='ocr_carea' id='block_1_1' title="bbox 99 250 901 319">
    <p class='ocr_par' dir='ltr' id='par_1_1' title="bbox 99 250 901 319">
     <span class='ocr_line' id='line_1_1' title="bbox 99 250 901 319; baseline -0.001 -17"><span class='ocrx_word' id='word_1_1' title='bbox 99 250 211 319; x_wconf 63' lang='lat' dir='ltr'><strong>[usam</strong></span> <span class='ocrx_word' id='word_1_2' title='bbox 292 254 706 301; x_wconf 72' lang='lat' dir='ltr'><strong>maironnusnnrror.</strong></span> <span class='ocrx_word' id='word_1_3' title='bbox 852 252 901 302; x_wconf 81' lang='lat' dir='ltr'><strong>eoo</strong></span> 
     </span>
    </p>
   </div>
   <div class='ocr_carea' id='block_1_2' title="bbox 89 352 900 1454">
    <p class='ocr_par' dir='ltr' id='par_1_2' title="bbox 89 352 900 1454">
     <span class='ocr_line' id='line_1_2' title="bbox 97 352 898 427; baseline -0.001 -15"><span class='ocrx_word' id='word_1_4' title='bbox 97 358 193 412; x_wconf 87' lang='lat' dir='ltr'><strong>horam</strong></span> <span class='ocrx_word' id='word_1_5' title='bbox 213 371 319 427; x_wconf 89' lang='lat' dir='ltr'><strong>nonam</strong></span> <span class='ocrx_word' id='word_1_6' title='bbox 332 371 495 426; x_wconf 88' lang='lat' dir='ltr'><strong>praeparare</strong></span> <span class='ocrx_word' id='word_1_7' title='bbox 513 352 548 424; x_wconf 85' lang='lat' dir='ltr'><strong>(s.</strong></span> <span class='ocrx_word' id='word_1_8' title='bbox 563 354 730 427; x_wconf 87' lang='lat' dir='ltr'><strong>praeparari)</strong></span> <span class='ocrx_word' id='word_1_9' title='bbox 749 355 828 411; x_wconf 80' lang='lat' dir='ltr'><strong>linuit</strong></span> <span class='ocrx_word' id='word_1_10' title='bbox 847 358 898 421; x_wconf 85' lang='lat' dir='ltr'><strong>eis,</strong></span> 
     </span>
     <span class='ocr_line' id='line_1_3' title="bbox 97 428 900 503; baseline -0.001 -17"><span class='ocrx_word' id='word_1_11' title='bbox 97 434 145 503; x_wconf 93' lang='lat' dir='ltr'><strong>qui</strong></span> <span class='ocrx_word' id='word_1_12' title='bbox 156 438 237 486; x_wconf 85' lang='lat' dir='ltr'><strong>noete</strong></span> <span class='ocrx_word' id='word_1_13' title='bbox 247 428 415 484; x_wconf 86' lang='lat' dir='ltr'><strong>beneficium</strong></span> <span class='ocrx_word' id='word_1_14' title='bbox 429 430 582 483; x_wconf 87' lang='lat' dir='ltr'><strong>assecuturi</strong></span> <span class='ocrx_word' id='word_1_15' title='bbox 596 438 682 484; x_wconf 85' lang='lat' dir='ltr'><strong>erant.</strong></span> <span class='ocrx_word' id='word_1_16' title='bbox 721 431 816 500; x_wconf 88' lang='lat' dir='ltr'><strong>ltaque</strong></span> <span class='ocrx_word' id='word_1_17' title='bbox 829 440 900 485; x_wconf 88' lang='lat' dir='ltr'><strong>tem·</strong></span> 
     </span>
     <span class='ocr_line' id='line_1_4' title="bbox 95 502 900 577; baseline -0.001 -17"><span class='ocrx_word' id='word_1_18' title='bbox 95 524 148 577; x_wconf 88' lang='lat' dir='ltr'><strong>pus</strong></span> <span class='ocrx_word' id='word_1_19' title='bbox 159 503 300 559; x_wconf 77' lang='lat' dir='ltr'><strong>mediocre</strong></span> <span class='ocrx_word' id='word_1_20' title='bbox 310 502 346 558; x_wconf 90' lang='lat' dir='ltr'><strong>ad</strong></span> <span class='ocrx_word' id='word_1_21' title='bbox 355 520 487 571; x_wconf 83' lang='lat' dir='ltr'><strong>vesperum</strong></span> <span class='ocrx_word' id='word_1_22' title='bbox 496 518 614 574; x_wconf 82' lang='lat' dir='ltr'><strong>vergens</strong></span> <span class='ocrx_word' id='word_1_23' title='bbox 624 520 678 557; x_wconf 93' lang='lat' dir='ltr'><strong>non</strong></span> <span class='ocrx_word' id='word_1_24' title='bbox 688 519 763 567; x_wconf 88' lang='lat' dir='ltr'><strong>casu,</strong></span> <span class='ocrx_word' id='word_1_25' title='bbox 776 504 825 558; x_wconf 87' lang='lat' dir='ltr'><strong>sed</strong></span> <span class='ocrx_word' id='word_1_26' title='bbox 834 522 900 560; x_wconf 89' lang='lat' dir='ltr'><strong>cou-</strong></span> 
     </span>
     <span class='ocr_line' id='line_1_5' title="bbox 95 576 898 653; baseline -0.002 -18"><span class='ocrx_word' id='word_1_27' title='bbox 95 580 168 635; x_wconf 88' lang='lat' dir='ltr'><strong>sulto</strong></span> <span class='ocrx_word' id='word_1_28' title='bbox 186 576 224 653; x_wconf 71' lang='lat'><strong>[⁴⁵]</strong></span> <span class='ocrx_word' id='word_1_29' title='bbox 240 578 412 633; x_wconf 78' lang='lat' dir='ltr'><strong>mensuravit</strong></span> <span class='ocrx_word' id='word_1_30' title='bbox 424 577 568 648; x_wconf 89' lang='lat' dir='ltr'><strong>propheta.</strong></span> <span class='ocrx_word' id='word_1_31' title='bbox 611 578 662 631; x_wconf 90' lang='lat' dir='ltr'><strong>llic</strong></span> <span class='ocrx_word' id='word_1_32' title='bbox 677 578 782 633; x_wconf 80' lang='lat' dir='ltr'>litterae</span> <span class='ocrx_word' id='word_1_33' title='bbox 800 596 898 633; x_wconf 89' lang='lat' dir='ltr'><strong>sensus</strong></span> 
     </span>
     <span class='ocr_line' id='line_1_6' title="bbox 95 650 899 709; baseline -0.002 0"><span class='ocrx_word' id='word_1_34' title='bbox 95 662 146 709; x_wconf 88' lang='lat' dir='ltr'><strong>est.</strong></span> <span class='ocrx_word' id='word_1_35' title='bbox 188 652 231 707; x_wconf 77' lang='lat' dir='ltr'><strong>Ad</strong></span> <span class='ocrx_word' id='word_1_36' title='bbox 245 660 365 707; x_wconf 86' lang='lat' dir='ltr'><strong>mentem</strong></span> <span class='ocrx_word' id='word_1_37' title='bbox 379 668 445 706; x_wconf 88' lang='lat' dir='ltr'><strong>vero</strong></span> <span class='ocrx_word' id='word_1_38' title='bbox 459 650 531 706; x_wconf 93' lang='lat' dir='ltr'><strong>illud</strong></span> <span class='ocrx_word' id='word_1_39' title='bbox 545 650 708 706; x_wconf 82' lang='lat' dir='ltr'><strong>dicendum:</strong></span> <span class='ocrx_word' id='word_1_40' title='bbox 739 654 788 707; x_wconf 88' lang='lat' dir='ltr'><strong>Dei</strong></span> <span class='ocrx_word' id='word_1_41' title='bbox 803 671 899 707; x_wconf 86' lang='lat' dir='ltr'><strong>aman-</strong></span> 
     </span>
     <span class='ocr_line' id='line_1_7' title="bbox 94 724 899 794; baseline -0.002 -10"><span class='ocrx_word' id='word_1_42' title='bbox 94 730 166 784; x_wconf 89' lang='lat' dir='ltr'><strong>tium</strong></span> <span class='ocrx_word' id='word_1_43' title='bbox 182 727 336 794; x_wconf 84' lang='lat' dir='ltr'><strong>animarum</strong></span> <span class='ocrx_word' id='word_1_44' title='bbox 350 725 500 781; x_wconf 83' lang='lat' dir='ltr'><strong>infallibile</strong></span> <span class='ocrx_word' id='word_1_45' title='bbox 514 724 682 779; x_wconf 84' lang='lat' dir='ltr'><strong>sacrificium</strong></span> <span class='ocrx_word' id='word_1_46' title='bbox 695 736 737 782; x_wconf 87' lang='lat' dir='ltr'><strong>est</strong></span> <span class='ocrx_word' id='word_1_47' title='bbox 750 744 849 781; x_wconf 89' lang='lat' dir='ltr'><strong>vanam</strong></span> <span class='ocrx_word' id='word_1_48' title='bbox 866 746 899 783; x_wconf 91' lang='lat' dir='ltr'><strong>ac</strong></span> 
     </span>
     <span class='ocr_line' id='line_1_8' title="bbox 95 795 898 873; baseline -0.001 -15"><span class='ocrx_word' id='word_1_49' title='bbox 95 802 239 859; x_wconf 88' lang='lat' dir='ltr'><strong>visibilem</strong></span> <span class='ocrx_word' id='word_1_50' title='bbox 249 801 366 873; x_wconf 84' lang='lat' dir='ltr'><strong>gloriam</strong></span> <span class='ocrx_word' id='word_1_51' title='bbox 376 799 568 871; x_wconf 84' lang='lat' dir='ltr'><strong>derelinquere</strong></span> <span class='ocrx_word' id='word_1_52' title='bbox 579 807 605 853; x_wconf 91' lang='lat' dir='ltr'><strong>et</strong></span> <span class='ocrx_word' id='word_1_53' title='bbox 615 800 645 854; x_wconf 94' lang='lat' dir='ltr'><strong>in</strong></span> <span class='ocrx_word' id='word_1_54' title='bbox 655 795 828 857; x_wconf 81' lang='lat' dir='ltr'><strong>in&#39;visibilem</strong></span> <span class='ocrx_word' id='word_1_55' title='bbox 838 810 898 857; x_wconf 88' lang='lat' dir='ltr'><strong>stu-</strong></span> 
     </span>
     <span class='ocr_line' id='line_1_9' title="bbox 93 874 897 950; baseline -0.002 -17"><span class='ocrx_word' id='word_1_56' title='bbox 93 876 160 933; x_wconf 81' lang='lat' dir='ltr'><strong>dere</strong></span> <span class='ocrx_word' id='word_1_57' title='bbox 176 874 328 931; x_wconf 75' lang='lat' dir='ltr'><strong>transferri.</strong></span> <span class='ocrx_word' id='word_1_58' title='bbox 372 874 547 943; x_wconf 75' lang='lat' dir='ltr'><strong>Vespertiaum</strong></span> <span class='ocrx_word' id='word_1_59' title='bbox 560 882 650 929; x_wconf 87' lang='lat' dir='ltr'><strong>autem</strong></span> <span class='ocrx_word' id='word_1_60' title='bbox 661 884 770 950; x_wconf 87' lang='lat' dir='ltr'><strong>tempus</strong></span> <span class='ocrx_word' id='word_1_61' title='bbox 780 895 831 931; x_wconf 86' lang='lat' dir='ltr'><strong>neo</strong></span> <span class='ocrx_word' id='word_1_62' title='bbox 841 876 897 931; x_wconf 89' lang='lat' dir='ltr'><strong>iul-</strong></span> 
     </span>
     <span class='ocr_line' id='line_1_10' title="bbox 91 948 894 1027; baseline -0.001 -20"><span class='ocrx_word' id='word_1_63' title='bbox 91 948 498 1026; x_wconf 69' lang='lat' dir='ltr'><strong>gentemhabetsplendorem3</strong></span> <span class='ocrx_word' id='word_1_64' title='bbox 521 957 551 1003; x_wconf 91' lang='lat' dir='ltr'><strong>ut</strong></span> <span class='ocrx_word' id='word_1_65' title='bbox 561 950 689 1003; x_wconf 88' lang='lat' dir='ltr'><strong>convenit</strong></span> <span class='ocrx_word' id='word_1_66' title='bbox 699 950 758 1004; x_wconf 81' lang='lat' dir='ltr'><strong>lieri</strong></span> <span class='ocrx_word' id='word_1_67' title='bbox 768 951 894 1027; x_wconf 75' lang='lat' dir='ltr'><strong>meridie,</strong></span> 
     </span>
     <span class='ocr_line' id='line_1_11' title="bbox 92 1022 898 1098; baseline -0.001 -17"><span class='ocrx_word' id='word_1_68' title='bbox 92 1042 187 1098; x_wconf 87' lang='lat' dir='ltr'><strong>nequa</strong></span> <span class='ocrx_word' id='word_1_69' title='bbox 206 1024 396 1091; x_wconf 80' lang='lat' dir='ltr'><strong>obscuratum3</strong></span> <span class='ocrx_word' id='word_1_70' title='bbox 428 1024 494 1096; x_wconf 91' lang='lat' dir='ltr'><strong>quia</strong></span> <span class='ocrx_word' id='word_1_71' title='bbox 515 1022 605 1077; x_wconf 89' lang='lat' dir='ltr'><strong>adhuc</strong></span> <span class='ocrx_word' id='word_1_72' title='bbox 625 1024 735 1078; x_wconf 83' lang='lat' dir='ltr'><strong>vicinus</strong></span> <span class='ocrx_word' id='word_1_73' title='bbox 755 1042 842 1096; x_wconf 92' lang='lat' dir='ltr'><strong>quum</strong></span> <span class='ocrx_word' id='word_1_74' title='bbox 860 1027 898 1080; x_wconf 90' lang='lat' dir='ltr'><strong>sit</strong></span> 
     </span>
     <span class='ocr_line' id='line_1_12' title="bbox 90 1096 894 1174; baseline -0.005 -18"><span class='ocrx_word' id='word_1_75' title='bbox 90 1102 155 1157; x_wconf 88' lang='lat' dir='ltr'><strong>dies</strong></span> <span class='ocrx_word' id='word_1_76' title='bbox 175 1100 263 1163; x_wconf 84' lang='lat' dir='ltr'><strong>noeti,</strong></span> <span class='ocrx_word' id='word_1_77' title='bbox 286 1098 440 1174; x_wconf 85' lang='lat' dir='ltr'><strong>secundum</strong></span> <span class='ocrx_word' id='word_1_78' title='bbox 460 1098 641 1168; x_wconf 85' lang='lat' dir='ltr'><strong>quantitatem</strong></span> <span class='ocrx_word' id='word_1_79' title='bbox 654 1096 827 1153; x_wconf 81' lang='lat' dir='ltr'><strong>obfuscatum</strong></span> <span class='ocrx_word' id='word_1_80' title='bbox 843 1109 894 1154; x_wconf 88' lang='lat' dir='ltr'><strong>est.</strong></span> 
     </span>
     <span class='ocr_line' id='line_1_13' title="bbox 90 1171 897 1243; baseline -0.005 -12"><span class='ocrx_word' id='word_1_81' title='bbox 90 1176 171 1231; x_wconf 81' lang='lat' dir='ltr'><strong>&#39;l&#39;alis</strong></span> <span class='ocrx_word' id='word_1_82' title='bbox 190 1173 306 1228; x_wconf 89' lang='lat' dir='ltr'><strong>habetur</strong></span> <span class='ocrx_word' id='word_1_83' title='bbox 326 1190 360 1229; x_wconf 87' lang='lat' dir='ltr'><strong>ex</strong></span> <span class='ocrx_word' id='word_1_84' title='bbox 379 1181 476 1227; x_wconf 86' lang='lat' dir='ltr'><strong>natura</strong></span> <span class='ocrx_word' id='word_1_85' title='bbox 495 1171 698 1243; x_wconf 86' lang='lat' dir='ltr'><strong>proficientium</strong></span> <span class='ocrx_word' id='word_1_86' title='bbox 713 1179 813 1239; x_wconf 85' lang='lat' dir='ltr'><strong>status;</strong></span> <span class='ocrx_word' id='word_1_87' title='bbox 845 1190 897 1227; x_wconf 88' lang='lat' dir='ltr'><strong>neo</strong></span> 
     </span>
     <span class='ocr_line' id='line_1_14' title="bbox 90 1244 897 1319; baseline -0.004 -15"><span class='ocrx_word' id='word_1_88' title='bbox 90 1251 170 1313; x_wconf 87' lang='lat' dir='ltr'><strong>enim</strong></span> <span class='ocrx_word' id='word_1_89' title='bbox 191 1248 289 1313; x_wconf 87' lang='lat' dir='ltr'><strong>mutati</strong></span> <span class='ocrx_word' id='word_1_90' title='bbox 307 1256 372 1301; x_wconf 90' lang='lat' dir='ltr'><strong>sunt</strong></span> <span class='ocrx_word' id='word_1_91' title='bbox 388 1263 500 1319; x_wconf 89' lang='lat' dir='ltr'><strong>prorsus</strong></span> <span class='ocrx_word' id='word_1_92' title='bbox 516 1246 545 1299; x_wconf 91' lang='lat' dir='ltr'><strong>in</strong></span> <span class='ocrx_word' id='word_1_93' title='bbox 560 1246 705 1309; x_wconf 88' lang='lat' dir='ltr'><strong>virtutem,</strong></span> <span class='ocrx_word' id='word_1_94' title='bbox 729 1262 819 1317; x_wconf 91' lang='lat' dir='ltr'><strong>neque</strong></span> <span class='ocrx_word' id='word_1_95' title='bbox 832 1244 897 1318; x_wconf 78' lang='lat' dir='ltr'><strong>pir-</strong></span> 
     </span>
     <span class='ocr_line' id='line_1_15' title="bbox 90 1319 896 1393; baseline -0.006 -15"><span class='ocrx_word' id='word_1_96' title='bbox 90 1330 208 1379; x_wconf 89' lang='lat' dir='ltr'><strong>manent</strong></span> <span class='ocrx_word' id='word_1_97' title='bbox 217 1324 278 1377; x_wconf 86' lang='lat' dir='ltr'><strong>sine</strong></span> <span class='ocrx_word' id='word_1_98' title='bbox 290 1321 431 1377; x_wconf 90' lang='lat' dir='ltr'><strong>obstaculo</strong></span> <span class='ocrx_word' id='word_1_99' title='bbox 442 1320 476 1393; x_wconf 88' lang='lat' dir='ltr'><strong>(s.</strong></span> <span class='ocrx_word' id='word_1_100' title='bbox 487 1319 659 1391; x_wconf 79' lang='lat' dir='ltr'><strong>discrimine)</strong></span> <span class='ocrx_word' id='word_1_101' title='bbox 669 1320 699 1375; x_wconf 89' lang='lat' dir='ltr'><strong>in</strong></span> <span class='ocrx_word' id='word_1_102' title='bbox 714 1320 837 1374; x_wconf 85' lang='lat' dir='ltr'><strong>mortalis</strong></span> <span class='ocrx_word' id='word_1_103' title='bbox 851 1321 896 1374; x_wconf 83' lang='lat' dir='ltr'><strong>vi-</strong></span> 
     </span>
     <span class='ocr_line' id='line_1_16' title="bbox 89 1395 459 1454; baseline -0.008 0"><span class='ocrx_word' id='word_1_104' title='bbox 89 1408 136 1454; x_wconf 90' lang='lat' dir='ltr'><strong>tae</strong></span> <span class='ocrx_word' id='word_1_105' title='bbox 146 1396 242 1453; x_wconf 87' lang='lat' dir='ltr'><strong>rebus.</strong></span> <span class='ocrx_word' id='word_1_106' title='bbox 457 1395 459 1399; x_wconf 77' lang='grc'>’</span> 
     </span>
    </p>
   </div>
   <div class='ocr_carea' id='block_1_3' title="bbox 139 1651 935 1784">
    <p class='ocr_par' dir='ltr' id='par_1_3' title="bbox 139 1651 935 1784">
     <span class='ocr_line' id='line_1_17' title="bbox 139 1651 935 1718; baseline 0.001 -17"><span class='ocrx_word' id='word_1_107' title='bbox 139 1651 222 1710; x_wconf 80' lang='lat' dir='ltr'><strong>Quare</strong></span> <span class='ocrx_word' id='word_1_108' title='bbox 238 1651 324 1702; x_wconf 72' lang='lat' dir='ltr'><strong>tium</strong></span> <span class='ocrx_word' id='word_1_109' title='bbox 341 1651 384 1702; x_wconf 80' lang='lat' dir='ltr'><strong>dat</strong></span> <span class='ocrx_word' id='word_1_110' title='bbox 401 1651 430 1701; x_wconf 82' lang='lat' dir='ltr'><strong>de</strong></span> <span class='ocrx_word' id='word_1_111' title='bbox 446 1651 561 1718; x_wconf 70' lang='lat' dir='ltr'><strong>suaptim</strong></span> <span class='ocrx_word' id='word_1_112' title='bbox 578 1651 670 1716; x_wconf 80' lang='lat' dir='ltr'><strong>opponi</strong></span> <span class='ocrx_word' id='word_1_113' title='bbox 683 1669 754 1717; x_wconf 79' lang='lat' dir='ltr'><strong>super</strong></span> <span class='ocrx_word' id='word_1_114' title='bbox 771 1653 852 1702; x_wconf 61' lang='lat' dir='ltr'><strong>imina</strong></span> <span class='ocrx_word' id='word_1_115' title='bbox 932 1655 935 1659; x_wconf 75' lang='grc'>’</span> 
     </span>
     <span class='ocr_line' id='line_1_18' title="bbox 171 1718 816 1784; baseline 0.005 -17"><span class='ocrx_word' id='word_1_116' title='bbox 171 1729 194 1768; x_wconf 85' lang='lat' dir='ltr'><strong>et</strong></span> <span class='ocrx_word' id='word_1_117' title='bbox 210 1736 281 1783; x_wconf 78' lang='lat' dir='ltr'><strong>super</strong></span> <span class='ocrx_word' id='word_1_118' title='bbox 293 1729 376 1784; x_wconf 84' lang='lat' dir='ltr'><strong>postea</strong></span> <span class='ocrx_word' id='word_1_119' title='bbox 391 1719 536 1784; x_wconf 71' lang='lat' dir='ltr'><strong>siaynlnrum</strong></span> <span class='ocrx_word' id='word_1_120' title='bbox 553 1718 687 1770; x_wconf 63' lang='lat' dir='ltr'><strong>morum?</strong></span> <span class='ocrx_word' id='word_1_121' title='bbox 714 1725 767 1784; x_wconf 81' lang='lat'>(12,</span> <span class='ocrx_word' id='word_1_122' title='bbox 780 1721 816 1783; x_wconf 84' lang='lat'><strong>7.)</strong></span> 
     </span>
    </p>
   </div>
   <div class='ocr_carea' id='block_1_4' title="bbox 90 1861 896 2836">
    <p class='ocr_par' dir='ltr' id='par_1_4' title="bbox 90 1861 896 2836">
     <span class='ocr_line' id='line_1_19' title="bbox 121 1861 895 1942; baseline 0.001 -18"><span class='ocrx_word' id='word_1_123' title='bbox 121 1875 126 1884; x_wconf 91' lang='lat'>&#39;</span> <span class='ocrx_word' id='word_1_124' title='bbox 154 1871 194 1925; x_wconf 72' lang='lat'><strong>⁴2.</strong></span> <span class='ocrx_word' id='word_1_125' title='bbox 213 1870 269 1925; x_wconf 86' lang='lat' dir='ltr'><strong>lloo</strong></span> <span class='ocrx_word' id='word_1_126' title='bbox 283 1870 375 1941; x_wconf 90' lang='lat' dir='ltr'><strong>ipsum</strong></span> <span class='ocrx_word' id='word_1_127' title='bbox 391 1877 445 1935; x_wconf 88' lang='lat' dir='ltr'><strong>est,</strong></span> <span class='ocrx_word' id='word_1_128' title='bbox 467 1869 541 1940; x_wconf 90' lang='lat' dir='ltr'><strong>quod</strong></span> <span class='ocrx_word' id='word_1_129' title='bbox 550 1870 633 1942; x_wconf 90' lang='lat' dir='ltr'><strong>paulo</strong></span> <span class='ocrx_word' id='word_1_130' title='bbox 644 1861 722 1925; x_wconf 86' lang='lat' dir='ltr'><strong>antea</strong></span> <span class='ocrx_word' id='word_1_131' title='bbox 732 1867 807 1934; x_wconf 86' lang='lat' dir='ltr'><strong>dixi,</strong></span> <span class='ocrx_word' id='word_1_132' title='bbox 828 1871 895 1942; x_wconf 90' lang='lat' dir='ltr'><strong>quia</strong></span> 
     </span>
     <span class='ocr_line' id='line_1_20' title="bbox 90 1943 896 2016; baseline 0.002 -17"><span class='ocrx_word' id='word_1_133' title='bbox 90 1962 140 1999; x_wconf 89' lang='lat' dir='ltr'><strong>ara</strong></span> <span class='ocrx_word' id='word_1_134' title='bbox 154 1945 345 2016; x_wconf 86' lang='lat' dir='ltr'><strong>templumque</strong></span> <span class='ocrx_word' id='word_1_135' title='bbox 363 1961 394 1999; x_wconf 88' lang='lat' dir='ltr'><strong>eo</strong></span> <span class='ocrx_word' id='word_1_136' title='bbox 407 1948 536 2016; x_wconf 88' lang='lat' dir='ltr'><strong>tempore&#39;</strong></span> <span class='ocrx_word' id='word_1_137' title='bbox 548 1946 638 2000; x_wconf 91' lang='lat' dir='ltr'><strong>omnis</strong></span> <span class='ocrx_word' id='word_1_138' title='bbox 653 1944 751 2000; x_wconf 92' lang='lat' dir='ltr'><strong>domus</strong></span> <span class='ocrx_word' id='word_1_139' title='bbox 765 1943 836 2000; x_wconf 80' lang='lat' dir='ltr'><strong>iacta</strong></span> <span class='ocrx_word' id='word_1_140' title='bbox 850 1945 896 2000; x_wconf 88' lang='lat' dir='ltr'><strong>iu-</strong></span> 
     </span>
     <span class='ocr_line' id='line_1_21' title="bbox 90 2016 895 2091; baseline -0.001 -17"><span class='ocrx_word' id='word_1_141' title='bbox 90 2027 151 2074; x_wconf 86' lang='lat' dir='ltr'><strong>erat</strong></span> <span class='ocrx_word' id='word_1_142' title='bbox 166 2018 389 2090; x_wconf 86' lang='lat' dir='ltr'><strong>contemplativis</strong></span> <span class='ocrx_word' id='word_1_143' title='bbox 403 2016 567 2091; x_wconf 85' lang='lat' dir='ltr'><strong>(lsraelitis);</strong></span> <span class='ocrx_word' id='word_1_144' title='bbox 589 2019 664 2076; x_wconf 88' lang='lat' dir='ltr'><strong>unde</strong></span> <span class='ocrx_word' id='word_1_145' title='bbox 677 2021 737 2074; x_wconf 88' lang='lat' dir='ltr'><strong>iure</strong></span> <span class='ocrx_word' id='word_1_146' title='bbox 749 2019 838 2075; x_wconf 84' lang='lat' dir='ltr'><strong>divini</strong></span> <span class='ocrx_word' id='word_1_147' title='bbox 850 2037 895 2074; x_wconf 88' lang='lat' dir='ltr'><strong>sa-</strong></span> 
     </span>
     <span class='ocr_line' id='line_1_22' title="bbox 90 2092 896 2167; baseline 0 -19"><span class='ocrx_word' id='word_1_148' title='bbox 90 2092 192 2148; x_wconf 81' lang='lat' dir='ltr'><strong>crificii</strong></span> <span class='ocrx_word' id='word_1_149' title='bbox 208 2109 243 2148; x_wconf 85' lang='lat' dir='ltr'><strong>ex</strong></span> <span class='ocrx_word' id='word_1_150' title='bbox 258 2094 392 2166; x_wconf 81' lang='lat' dir='ltr'><strong>sanguina</strong></span> <span class='ocrx_word' id='word_1_151' title='bbox 409 2092 547 2148; x_wconf 84' lang='lat' dir='ltr'><strong>offerendo</strong></span> <span class='ocrx_word' id='word_1_152' title='bbox 565 2110 649 2165; x_wconf 87' lang='lat' dir='ltr'><strong>super</strong></span> <span class='ocrx_word' id='word_1_153' title='bbox 662 2103 754 2167; x_wconf 89' lang='lat' dir='ltr'><strong>postes</strong></span> <span class='ocrx_word' id='word_1_154' title='bbox 769 2095 896 2167; x_wconf 83' lang='lat' dir='ltr'><strong>singulo-</strong></span> 
     </span>
     <span class='ocr_line' id='line_1_23' title="bbox 90 2166 894 2240; baseline -0.001 -18"><span class='ocrx_word' id='word_1_155' title='bbox 90 2183 157 2222; x_wconf 90' lang='lat' dir='ltr'><strong>rum</strong></span> <span class='ocrx_word' id='word_1_156' title='bbox 172 2166 271 2240; x_wconf 79' lang='lat' dir='ltr'><strong>digno&#39;s</strong></span> <span class='ocrx_word' id='word_1_157' title='bbox 287 2185 333 2222; x_wconf 90' lang='lat' dir='ltr'><strong>eos</strong></span> <span class='ocrx_word' id='word_1_158' title='bbox 347 2166 445 2232; x_wconf 82' lang='lat' dir='ltr'><strong>eflicit,</strong></span> <span class='ocrx_word' id='word_1_159' title='bbox 467 2169 551 2222; x_wconf 86' lang='lat' dir='ltr'><strong>simul</strong></span> <span class='ocrx_word' id='word_1_160' title='bbox 562 2169 725 2240; x_wconf 82' lang='lat' dir='ltr'><strong>contemptis</strong></span> <span class='ocrx_word' id='word_1_161' title='bbox 736 2166 894 2224; x_wconf 88' lang='lat' dir='ltr'><strong>etinimicis</strong></span> 
     </span>
     <span class='ocr_line' id='line_1_24' title="bbox 90 2241 895 2314; baseline -0.001 -17"><span class='ocrx_word' id='word_1_162' title='bbox 90 2259 128 2297; x_wconf 88' lang='lat' dir='ltr'><strong>ne</strong></span> <span class='ocrx_word' id='word_1_163' title='bbox 138 2258 204 2297; x_wconf 86' lang='lat' dir='ltr'><strong>cum</strong></span> <span class='ocrx_word' id='word_1_164' title='bbox 214 2243 289 2298; x_wconf 82' lang='lat' dir='ltr'><strong>matu</strong></span> <span class='ocrx_word' id='word_1_165' title='bbox 300 2242 456 2306; x_wconf 86' lang='lat' dir='ltr'><strong>immolent,</strong></span> <span class='ocrx_word' id='word_1_166' title='bbox 476 2241 526 2296; x_wconf 84' lang='lat' dir='ltr'><strong>sed</strong></span> <span class='ocrx_word' id='word_1_167' title='bbox 538 2244 619 2314; x_wconf 88' lang='lat' dir='ltr'><strong>quasi</strong></span> <span class='ocrx_word' id='word_1_168' title='bbox 632 2250 799 2298; x_wconf 85' lang='lat' dir='ltr'><strong>ostentantes</strong></span> <span class='ocrx_word' id='word_1_169' title='bbox 809 2242 895 2298; x_wconf 87' lang='lat' dir='ltr'><strong>eonii-</strong></span> 
     </span>
     <span class='ocr_line' id='line_1_25' title="bbox 91 2315 893 2390; baseline -0.002 -19"><span class='ocrx_word' id='word_1_170' title='bbox 91 2316 192 2371; x_wconf 89' lang='lat' dir='ltr'><strong>denter</strong></span> <span class='ocrx_word' id='word_1_171' title='bbox 213 2333 263 2388; x_wconf 89' lang='lat' dir='ltr'><strong>per</strong></span> <span class='ocrx_word' id='word_1_172' title='bbox 285 2315 504 2390; x_wconf 83' lang='lat' dir='ltr'><strong>magnitudinem</strong></span> <span class='ocrx_word' id='word_1_173' title='bbox 527 2318 689 2388; x_wconf 88' lang='lat' dir='ltr'><strong>copiamque</strong></span> <span class='ocrx_word' id='word_1_174' title='bbox 711 2317 757 2372; x_wconf 88' lang='lat' dir='ltr'><strong>dei</strong></span> <span class='ocrx_word' id='word_1_175' title='bbox 779 2318 893 2390; x_wconf 75' lang='lat' dir='ltr'><strong>gratiae</strong></span> 
     </span>
     <span class='ocr_line' id='line_1_26' title="bbox 91 2389 895 2464; baseline -0.001 -20"><span class='ocrx_word' id='word_1_176' title='bbox 91 2391 196 2445; x_wconf 85' lang='lat' dir='ltr'><strong>Littera</strong></span> <span class='ocrx_word' id='word_1_177' title='bbox 207 2389 416 2446; x_wconf 82' lang='lat' dir='ltr'><strong>haeedeclarat.</strong></span> <span class='ocrx_word' id='word_1_178' title='bbox 459 2389 503 2445; x_wconf 78' lang='lat' dir='ltr'><strong>Ad</strong></span> <span class='ocrx_word' id='word_1_179' title='bbox 522 2398 642 2446; x_wconf 86' lang='lat' dir='ltr'><strong>mentem</strong></span> <span class='ocrx_word' id='word_1_180' title='bbox 659 2408 737 2455; x_wconf 86' lang='lat' dir='ltr'><strong>vero,</strong></span> <span class='ocrx_word' id='word_1_181' title='bbox 759 2392 895 2464; x_wconf 75' lang='lat' dir='ltr'><strong>tripartita</strong></span> 
     </span>
     <span class='ocr_line' id='line_1_27' title="bbox 92 2465 896 2537; baseline -0.004 -17"><span class='ocrx_word' id='word_1_182' title='bbox 92 2481 181 2536; x_wconf 93' lang='lat' dir='ltr'><strong>quum</strong></span> <span class='ocrx_word' id='word_1_183' title='bbox 192 2465 230 2520; x_wconf 90' lang='lat' dir='ltr'><strong>sit</strong></span> <span class='ocrx_word' id='word_1_184' title='bbox 238 2465 332 2520; x_wconf 89' lang='lat' dir='ltr'><strong>anima</strong></span> <span class='ocrx_word' id='word_1_185' title='bbox 341 2473 446 2528; x_wconf 86' lang='lat' dir='ltr'><strong>nostra,</strong></span> <span class='ocrx_word' id='word_1_186' title='bbox 466 2466 672 2537; x_wconf 84' lang='lat' dir='ltr'><strong>superliminari</strong></span> <span class='ocrx_word' id='word_1_187' title='bbox 682 2466 774 2519; x_wconf 89' lang='lat' dir='ltr'><strong>simile</strong></span> <span class='ocrx_word' id='word_1_188' title='bbox 784 2480 896 2535; x_wconf 89' lang='lat' dir='ltr'><strong>oompe-</strong></span> 
     </span>
     <span class='ocr_line' id='line_1_28' title="bbox 92 2537 894 2611; baseline -0.004 -18"><span class='ocrx_word' id='word_1_189' title='bbox 92 2540 164 2594; x_wconf 77' lang='lat' dir='ltr'><strong>ritus</strong></span> <span class='ocrx_word' id='word_1_190' title='bbox 176 2555 226 2594; x_wconf 85' lang='lat' dir='ltr'><strong>eor</strong></span> <span class='ocrx_word' id='word_1_191' title='bbox 239 2546 267 2594; x_wconf 86' lang='lat' dir='ltr'><strong>et</strong></span> <span class='ocrx_word' id='word_1_192' title='bbox 279 2537 374 2594; x_wconf 85' lang='lat' dir='ltr'><strong>domui</strong></span> <span class='ocrx_word' id='word_1_193' title='bbox 388 2538 527 2611; x_wconf 89' lang='lat' dir='ltr'><strong>oupiditas</strong></span> <span class='ocrx_word' id='word_1_194' title='bbox 540 2547 567 2595; x_wconf 89' lang='lat' dir='ltr'><strong>et</strong></span> <span class='ocrx_word' id='word_1_195' title='bbox 575 2541 686 2611; x_wconf 88' lang='lat' dir='ltr'><strong>utrique</strong></span> <span class='ocrx_word' id='word_1_196' title='bbox 695 2541 767 2610; x_wconf 89' lang='lat' dir='ltr'><strong>posti</strong></span> <span class='ocrx_word' id='word_1_197' title='bbox 777 2537 894 2591; x_wconf 89' lang='lat' dir='ltr'><strong>verbum</strong></span> 
     </span>
     <span class='ocr_line' id='line_1_29' title="bbox 92 2611 895 2687; baseline -0.004 -19"><span class='ocrx_word' id='word_1_198' title='bbox 92 2612 164 2684; x_wconf 87' lang='lat' dir='ltr'><strong>(sive</strong></span> <span class='ocrx_word' id='word_1_199' title='bbox 174 2614 261 2669; x_wconf 93' lang='lat' dir='ltr'><strong>oratio</strong></span> <span class='ocrx_word' id='word_1_200' title='bbox 272 2622 299 2669; x_wconf 88' lang='lat' dir='ltr'><strong>et</strong></span> <span class='ocrx_word' id='word_1_201' title='bbox 311 2613 400 2687; x_wconf 87' lang='lat' dir='ltr'><strong>ratio).</strong></span> <span class='ocrx_word' id='word_1_202' title='bbox 438 2613 626 2685; x_wconf 89' lang='lat' dir='ltr'><strong>Unaquaeque</strong></span> <span class='ocrx_word' id='word_1_203' title='bbox 640 2629 706 2684; x_wconf 80' lang='lat' dir='ltr'><strong>ergo</strong></span> <span class='ocrx_word' id='word_1_204' title='bbox 720 2611 895 2682; x_wconf 84' lang='lat' dir='ltr'><strong>expertibus</strong></span> 
     </span>
     <span class='ocr_line' id='line_1_30' title="bbox 93 2686 894 2761; baseline -0.001 -21"><span class='ocrx_word' id='word_1_205' title='bbox 93 2687 155 2743; x_wconf 86' lang='lat' dir='ltr'><strong>istis</strong></span> <span class='ocrx_word' id='word_1_206' title='bbox 164 2689 434 2761; x_wconf 84' lang='lat' dir='ltr'><strong>transmigrationem</strong></span> <span class='ocrx_word' id='word_1_207' title='bbox 445 2687 549 2743; x_wconf 83' lang='lat' dir='ltr'><strong>iactura</strong></span> <span class='ocrx_word' id='word_1_208' title='bbox 560 2686 595 2742; x_wconf 90' lang='lat' dir='ltr'><strong>ad</strong></span> <span class='ocrx_word' id='word_1_209' title='bbox 605 2687 749 2750; x_wconf 84' lang='lat' dir='ltr'><strong>iustitiam,</strong></span> <span class='ocrx_word' id='word_1_210' title='bbox 764 2686 894 2756; x_wconf 84' lang='lat' dir='ltr'><strong>pietatem</strong></span> 
     </span>
     <span class='ocr_line' id='line_1_31' title="bbox 95 2760 894 2836; baseline -0.005 -19"><span class='ocrx_word' id='word_1_211' title='bbox 95 2762 318 2836; x_wconf 80' lang='lat' dir='ltr'><strong>condignamque</strong></span> <span class='ocrx_word' id='word_1_212' title='bbox 342 2764 513 2820; x_wconf 81' lang='lat' dir='ltr'><strong>sanctitatem</strong></span> <span class='ocrx_word' id='word_1_213' title='bbox 537 2771 619 2835; x_wconf 88' lang='lat' dir='ltr'><strong>atque</strong></span> <span class='ocrx_word' id='word_1_214' title='bbox 642 2761 671 2814; x_wconf 85' lang='lat' dir='ltr'><strong>in</strong></span> <span class='ocrx_word' id='word_1_215' title='bbox 691 2760 759 2816; x_wconf 88' lang='lat' dir='ltr'><strong>alias</strong></span> <span class='ocrx_word' id='word_1_216' title='bbox 777 2760 894 2816; x_wconf 83' lang='lat' dir='ltr'><strong>virtutes</strong></span> 
     </span>
    </p>
   </div>
   <div class='ocr_carea' id='block_1_5' title="bbox 0 21 1030 3100">
    <p class='ocr_par' dir='ltr' id='par_1_5' title="bbox 0 21 1030 3100">
     <span class='ocr_line' id='line_1_32' title="bbox 0 21 1030 3100; baseline 0 2"><span class='ocrx_word' id='word_1_217' title='bbox 0 21 1030 3100; x_wconf 95' lang='lat' dir='ltr'><strong> </strong></span> 
     </span>
    </p>
   </div>
  </div>
 </body>
</html>
