2050 3100
141 87 187 138 l80
263 90 361 135 PHIL.
380 88 455 134 IUD.
475 87 636 144 QUAEST.
655 86 704 131 ET
727 86 805 131 SOL.
824 80 867 147 [IL
880 84 943 148 365]

136 209 195 246 ram
205 207 279 253 esse,
296 189 346 244 sed
356 188 563 243 distinctionem
574 202 606 241 ac
615 187 815 258 separationem
825 186 944 243 habitu-

136 284 198 320 rum
213 272 361 334 utrumque
376 263 411 317 ab
425 264 462 316 iis
475 260 625 316 oriundum
638 262 774 333 populum
784 263 944 317 secundum
1020 324 1021 327 Ἰ

136 339 223 402 illud,
244 337 318 410 quod
333 356 370 392 ex
382 336 467 393 verbo
482 336 592 391 desumi
606 343 709 408 potest,
731 354 760 391 re
775 344 866 391 tamen
878 339 943 409 ipsa

137 414 312 469 sobrietatem
325 422 352 467 et
362 413 563 483 insipientiam.
603 411 691 478 Quam
701 411 736 465 ob
747 428 859 466 causam
870 429 958 485 gem,

136 500 178 544 tes
191 489 270 559 prius
285 504 453 550 memorans,
471 490 582 555 populos
598 484 635 560 [*]
652 485 754 541 deindo
773 486 846 541 dixit
860 488 942 543 iuxta

137 565 269 617 rationem
278 562 510 633 prudentiamque
521 562 684 615 nominatae.
710 562 744 615 Et
752 562 849 633 utique
860 564 942 635 cogi-
1020 614 1021 617 ,

136 639 271 693 tationum
281 639 469 710 oppositarum
482 637 619 706 separatio
632 636 760 707 perutilis
773 645 828 699 cst,
850 652 942 707 quum

138 730 192 766 una
207 729 244 766 ex
259 714 296 767 iis
310 712 428 775 malum,
451 711 535 766 altera
550 711 680 765 virtutem
690 718 774 782 optat.
814 712 942 765 Tertium

136 788 334 848 iustissimum,
355 804 390 841 ne
399 803 480 858 pares
490 802 555 839 cum
565 785 719 856 imparibus
729 785 839 840 mixtim
852 786 941 841 collo-
1020 840 1021 843 ,

136 870 246 930 centur:
277 862 352 917 unda
366 862 469 933 optime
483 860 590 915 dictum
604 869 659 915 est:
686 864 799 929 populea
811 864 942 929 populum

135 942 269 1005 superabit
280 940 447 1003 torcellanum
475 936 607 1006 quoniam
620 951 733 989 necesse
747 942 788 989 est
801 952 890 991 unum
904 954 942 991 ex

136 1012 272 1067 ambobus
282 1028 412 1084 superare
421 1018 448 1065 et
458 1027 594 1074 crescere,
616 1009 732 1063 alterum
745 1026 810 1065 vero
819 1009 941 1067 deficere

137 1098 164 1142 et
173 1088 273 1142 minui.
302 1088 437 1159 Superato
449 1094 540 1140 autem
551 1084 644 1155 aliqua
654 1084 857 1155 praecellentia,
871 1087 941 1141 item
1020 1146 1021 1151 ἵ

136 1164 178 1216 sic
194 1163 400 1234 accipiendum,
421 1160 496 1232 quod
510 1158 627 1231 pulcher
640 1167 752 1229 superat
765 1167 889 1231 turpem,
912 1169 941 1216 et
1020 1200 1021 1207 ,

137 1239 227 1292 iustus
242 1240 391 1301 iniustum,
413 1244 439 1291 et
453 1235 586 1289 honestus
600 1234 661 1288 sani
675 1234 785 1289 consilii
805 1235 939 1307 impotem

138 1311 333 1366 libidinosum:
361 1328 447 1366 unum
460 1311 535 1365 enim
549 1309 665 1363 istorum
678 1308 796 1363 caeleste
805 1317 847 1365 est
857 1318 885 1365 et
894 1310 939 1365 di·
1020 1316 1021 1367 ἶ

139 1387 203 1439 vina
213 1386 275 1440 luca
286 1386 416 1458 dignum,
437 1384 553 1444 alterum
563 1400 628 1441 vero
637 1390 779 1452 terrestre,
801 1386 939 1457 corrupti·
1020 1386 1021 1463 ᾖ

137 1707 204 1760 dum
215 1722 280 1760 vero
290 1705 482 1776 propheticum
493 1717 521 1762 et
530 1710 725 1774 utilissimum,
748 1726 782 1764 no
800 1710 837 1763 sit
850 1709 939 1763 inter-

136 1781 249 1844 mixtio,
282 1779 332 1834 sed
350 1780 474 1836 alterutri
494 1782 631 1838 districtio
650 1783 748 1856 (uturp.
770 1783 937 1854 distinctio).
1020 1821 1021 1850 ,

136 1856 195 1907 Non
212 1855 432 1927 uniuscuiusque
445 1858 550 1928 gentis,
572 1857 622 1912 sed
631 1875 727 1914 revera
736 1859 903 1930 sapientiam
912 1867 940 1912 et
1020 1857 1021 1868 ¹

136 1927 313 1993 modestiam,
348 1932 429 1985 cuius
452 1934 541 2004 gratia
558 1933 636 2004 prius
656 1941 752 2004 gentes
771 1949 940 1988 commemo·

136 2001 236 2066 raudo,
257 2005 432 2074 postmodum
449 2011 559 2075 populos
577 2008 744 2075 nominavit;
779 2008 845 2078 quia
863 2007 940 2061 mul·
1020 2021 1021 2044 ³

136 2088 195 2131 tum
215 2079 330 2134 interest
349 2080 434 2135 verbo
448 2090 476 2136 et
489 2081 711 2137 rationabilitati:
743 2081 843 2136 horum
863 2083 940 2135 enim

137 2151 302 2222 disceptatio
312 2155 462 2210 utilissima
472 2164 527 2220 est,
539 2172 594 2210 uno
604 2155 746 2220 inertiam,
761 2155 845 2210 altero
856 2156 941 2210 iusti-

135 2226 204 2280 tiam
224 2238 379 2299 appetente.
418 2231 509 2286 ‘l’ertia
528 2231 711 2285 consideratio
731 2239 785 2294 est,
810 2247 845 2284 ne
865 2231 939 2284 iusta
1020 2291 1021 2296 ἵ

136 2301 241 2356 iniusto
260 2311 400 2375 aptentur,
420 2304 483 2360 idco
501 2305 608 2360 dictum
627 2313 682 2360 est:
711 2307 836 2372 populum
848 2307 941 2372 populi
1020 2303 1021 2324 ³

136 2379 279 2440 meliorem,
301 2377 367 2431 dum
377 2395 494 2439 necesse
508 2388 551 2433 est
564 2395 651 2433 unum
665 2395 795 2451 superare
810 2377 939 2442 alterum,
1020 2379 1021 2426 i

137 2453 350 2518 praecellentem
365 2452 500 2516 bonitate,
522 2452 590 2506 dum
605 2455 695 2508 iustus
709 2454 839 2525 iniquum
854 2470 942 2525 supe·
1020 2483 1021 2532 p

137 2533 192 2587 rat,
213 2536 240 2580 et
261 2526 401 2581 modestus
421 2527 604 2581 luxuriosum.
645 2528 715 2582 Sunt
733 2529 808 2582 enim
826 2527 940 2583 celestia
1020 2535 1021 2584 ἶ

137 2597 273 2663 salubria,
296 2609 402 2655 terrena
416 2619 480 2655 vero
495 2602 661 2671 ineptiarum
677 2610 703 2656 et
713 2602 891 2658 tenebrarum
902 2604 936 2657 si·
1020 2603 1021 2616 ²
