2050 3100
78 249 112 315 [1,
124 245 172 312 uu]
213 250 264 296 DE
282 250 559 299 PROVIDENTIA
581 252 708 298 SERMO
726 253 745 297 1.
848 248 880 302 29

76 349 220 424 quomodo
231 350 362 422 deinceps
372 350 540 407 nonvidebit
548 341 678 424 prudenti
689 352 804 410 consilio
814 353 881 409 ado-

77 427 171 483 rabile
181 423 322 508 (numenll
339 451 347 462 ·

139 528 183 590 i'o'.
199 533 310 589 Etenim
324 533 348 587 si
363 549 413 587 neo
421 535 594 605 providentia
605 531 706 591 est'nec
715 537 881 598 universalis

77 618 184 674 motor,
200 608 272 663 nihil
282 609 394 663 omnino
404 610 433 663 in
444 610 547 664 mundo
558 611 662 665 moveri
671 614 791 684 poterit·
813 612 881 679 Quis

78 685 158 741 enim
173 683 265 738 dicere
279 691 382 755 potest,
403 685 486 739 totius
501 685 598 740 mundi
613 687 773 758 cdmpositio
790 687 882 742 inani·

78 769 247 830 malaquum
257 759 306 823 sit,
328 759 460 813 animatos
475 768 564 814 motus
579 759 637 814 lieri
652 779 732 833 posse
745 763 775 816 in
785 764 881 818 natum

77 833 219 909 perfectae
229 831 386 888 creaturae?
402 833 480 900 Quod
490 835 515 889 si
525 852 579 890 non
590 845 706 901 constat,
727 839 881 910 argumenti

79 913 143 966 loco
154 909 270 964 sitcivis
281 908 365 962 huius
375 909 472 963 mundi
488 909 569 964 bomo
583 911 656 981 ipse,
677 913 726 982 qui
741 920 880 984 tamquam

76 1000 186 1059 parvus
195 982 348 1056 mundus*)
358 984 387 1037 in
401 1001 501 1060 magno
513 979 616 1039 mundo
626 983 713 1039 factus
724 995 778 1050 est,
788 1003 881 1058 ,quum

78 1062 146 1116 sine
161 1060 250 1113 anima
266 1067 384 1129 nequeat
402 1075 501 1130 corpus
520 1059 639 1113 actiones
659 1076 723 1114 suas
738 1060 879 1131 perlicere,

75 1135 139 1190 nisi
149 1134 226 1205 prius
237 1132 353 1188 consilio
363 1133 424 1186 eius
439 1133 542 1204 optimo
557 1134 633 1188 velut
643 1135 724 1188 amici
736 1134 879 1189 cuiusdam

76 1217 189 1266 utatur:
210 1206 435 1280 quandoquidem
454 1215 600 1279 postquam
620 1208 833 1279 praevaluerunt
850 1211 880 1264 in

78 1286 176 1340 animo
186 1282 398 1338 deliberationes
408 1281 580 1346 invisibiles,
595 1283 746 1338 visibiliter
755 1285 881 1353 sequitur

77 1357 261 1415 sensibilium
276 1357 330 1430 (vel
341 1354 534 1432 sensibil‘elffl
546 1357 730 1412 membrorum
746 1356 879 1413 officium.

77 1435 199 1491 Animae
212 1433 286 1488 enim
300 1432 513 1488 deliberationes
530 1433 680 1504 practicae,
705 1431 881 1488 sensibilium

76 1525 147 1566 vero
157 1506 348 1586 operationum
357 1525 439 1582 opera
449 1516 558 1581 peracta
567 1505 712 1565 manifesto
722 1517 881 1583 argumento

76 1595 156 1642 sunt.
592 1603 595 1609 ·
788 1586 795 1605 ⁶
873 1596 876 1605 '

136 1698 180 1750 il.
204 1694 235 1749 Si
248 1709 314 1766 ergo
328 1694 427 1765 sagitta
441 1710 477 1748 ex
491 1710 556 1749 arcu
570 1694 600 1748 in
615 1692 706 1749 bostes
720 1693 820 1749 emissa
835 1702 882 1748 aut

77 1773 162 1827 busta
177 1768 284 1824 vibrata
299 1769 446 1842 inimicum
464 1767 609 1832 occiderit,
631 1786 700 1829 anne
714 1768 880 1825 couveniens

78 1846 136 1901 erit
149 1843 221 1908 dici,
242 1841 318 1915 quod
331 1843 382 1898 illa
395 1843 479 1898 etiam
492 1844 551 1898 vim
570 1842 669 1899 babeat
688 1844 802 1898 rationis
821 1843 880 1897 sine

78 1920 176 1976 anime
189 1919 257 1974 baec
270 1917 403 1990 operandi
417 1935 468 1989 per
479 1918 620 1975 membra‘l
640 1918 669 1974 Si
681 1926 771 1973 autem
781 1918 812 1972 id
822 1916 880 1971 fieri

79 1994 197 2066 nequit,
207 2002 238 2051 ut
247 2010 342 2050 revera
352 1993 526 2065 impossibile
537 2002 590 2058 est,
603 1994 742 2065 reliquum
753 2001 794 2047 est
804 1991 881 2045 dice·
916 2019 920 2039 r

76 2088 124 2135 re,
145 2067 222 2139 quod
236 2078 278 2125 est
292 2069 345 2123 ista
359 2085 425 2129 eura
439 2070 596 2128 attentionis
611 2069 696 2123 animi
710 2086 759 2139 per
768 2082 880 2121 manum

77 2146 151 2200 baec
165 2142 308 2199 evidenter
321 2144 470 2214 operantis.
509 2142 589 2209 Quod
602 2145 627 2199 si
642 2143 803 2198 animalium
813 2140 881 2195 bru·

76 2231 172 2277 torum
191 2226 219 2275 et
237 2218 399 2276 animalium
419 2218 593 2279 rationalium
612 2218 727 2273 actionis
745 2216 802 2273 vim
820 2231 881 2269 esse

76 2295 212 2352 novimus
222 2292 384 2365 lactum**)‚
395 2293 521 2355 dicamus
531 2294 560 2349 in
570 2292 699 2348 omnibus
709 2290 806 2345 mundi
817 2306 882 2360 par·

76 2370 157 2425 tibus
173 2369 293 2423 animam
308 2367 446 2439 quandam
460 2384 491 2421 ac
506 2367 674 2425 voluntatem
687 2364 727 2436 (id
737 2363 881 2435 estprovi-

77 2444 214 2517 dentiam)
222 2444 343 2515 operari,
356 2459 407 2499 nec
416 2444 477 2497 sine
488 2443 578 2497 anima
589 2449 694 2497 motum
704 2438 810 2493 baberi.
899 2499 905 2508 Ι

135 2554 180 2608 la.
200 2552 271 2606 Nam
284 2554 336 2608 etsi
351 2553 530 2625 cogitationes
544 2558 651 2605 nostrae
660 2565 710 2621 per
722 2546 881 2603 considera-

131 2692 153 2739 ·)
177 2691 257 2731 Graece
269 2690 417 2744 pampinorum.
435 2691 516 2732 Ancb.

131 2752 168 2800 ⁴⁸¹)
194 2752 239 2793 Ant
260 2756 292 2793 sio
311 2759 393 2794 vertere
414 2756 488 2795 licent:
510 2756 579 2793 etcum
600 2754 707 2791 brutorum
729 2757 748 2791 et
769 2752 879 2791 sannatia

76 2805 165 2845 ammae
177 2806 276 2853 carpetam
293 2816 338 2845 ease
351 2808 443 2845 norimus
454 2808 544 2854 sactum
570 2804 650 2842 Auch.
865 2836 866 2840 ,
