2050 3100
73 247 102 312 [ll.
110 249 166 316 tta]
232 255 279 298 IN
298 255 476 300 GENESIN.
495 257 624 302 SERMO
643 257 685 301 111.
833 251 866 303 37

70 370 145 410 neus
158 371 197 410 ex
210 354 323 426 septies
334 362 448 426 septeno
462 363 588 411 constans
599 355 674 410 haud
686 355 784 412 frivola
795 357 868 412 bona

69 428 171 494 indicat,
192 427 252 484 sed
265 429 360 500 potius
373 445 419 493 ea,
437 445 510 499 quae
522 431 653 486 virtutem
666 431 769 487 habent
782 441 809 488 et
821 449 868 488 sa—

66 503 186 572 pientiem
202 503 394 560 adinviotam
405 502 663 576 validissimamque
672 507 865 562 constantiam.

67 655 120 716 (ded
135 671 172 712 cst
191 697 213 724 „
223 658 355 723 complace
373 674 454 708 coram
471 675 508 708 me
526 669 548 709 et
566 670 615 709 esto
635 661 811 712 immaculatus:
844 672 867 712 el

114 745 211 792 perram
230 726 326 792 fhedus
348 742 423 794 meurs
446 725 508 776 tuter
527 743 563 776 me
586 735 609 776 et
629 728 691 778 inter
710 739 743 792 ts,
773 738 796 779 et
808 730 866 779 mul-

118 795 244 860 tiplicabo
263 803 285 843 te
302 793 371 843 nimae
387 791 498 844 vatde‘u
516 795 570 858 (17,
592 796 650 860 le.)

109 913 152 967 to.
174 913 289 984 Legem
298 910 377 981 ponit
387 909 496 964 mortali
506 912 601 982 generi
611 910 790 980 familiarium
816 914 866 984 qui

61 985 127 1040 enim
146 1004 208 1042 non
224 985 313 1042 habet
326 984 565 1056 participationem
581 986 702 1043 malitiae
718 988 867 1042 immunia-

10 1043 11 1074 *
60 1073 107 1128 que
116 1078 133 1116 a
141 1062 225 1116 malo
236 1068 293 1125 est,
305 1058 369 1114 talis
380 1059 432 1114 erit
441 1057 562 1130 perfecte
573 1059 676 1124 bonus,
688 1060 763 1132 quod
774 1063 867 1116 incor-

60 1135 146 1202 poreis
165 1135 282 1192 naturis
300 1134 446 1206 proprium
464 1141 520 1189 eet:
554 1135 604 1205 qui
622 1151 688 1190 uero
710 1137 740 1188 in
753 1151 866 1206 corpore

60 1217 132 1274 eunt,
152 1208 317 1266 secundum
332 1224 503 1272 mensuram,
525 1212 581 1280 qua
594 1208 702 1263 malitia
719 1217 868 1278 partesque

59 1287 162 1352 peccati
173 1284 343 1343 auferuntur
353 1282 429 1355 (beni
438 1282 590 1356 dicuntur).
625 1281 763 1354 Apparuit
772 1283 867 1353 itaque

61 1353 173 1415 honesta
187 1360 338 1416 hominum
352 1358 423 1422 vita,
443 1375 499 1414 non
513 1357 682 1426 immunium
696 1356 731 1412 ab
745 1357 867 1430 aegritu-

61 1429 124 1488 dine
134 1451 172 1490 ex
179 1434 326 1508 principio
335 1449 425 1504 usque
436 1431 579 1500 adfinem,
600 1431 650 1488 sed
665 1449 760 1488 eorum
771 1432 820 1504 qui
831 1431 866 1487 alr

62 1505 382 1581 infirmitateprcficiunt
393 1505 430 1583 [*]
442 1508 638 1565 insanitatem.
662 1506 751 1575 Quare
762 1507 867 1563 directe

64 1597 94 1635 ιο
111 1595 185 1641 recte
206 1586 293 1641 dixit:
325 1593 378 1640 sato
395 1586 588 1639 immaculatae.
637 1582 709 1639 Satis
730 1584 805 1641 enim
825 1592 867 1638 est

64 1660 172 1714 mortali
186 1668 302 1715 naturae
316 1658 353 1714 ad
367 1657 543 1723 felicitatem„
568 1675 622 1715 non
641 1676 701 1714 esse
715 1659 866 1731 reprehen-

66 1730 190 1800 sibilem,
222 1752 313 1807 neque
336 1733 445 1805 aliquid
469 1734 608 1804 vituperio
631 1732 748 1807 dignum
772 1732 866 1788 dicere

68 1802 224 1881 lacereqn03
246 1827 301 1882 quo
311 1808 389 1865 illico
398 1808 490 1881 placet
498 1809 581 1880 patri.
606 1808 671 1864 Ideo
681 1808 766 1864 dixit:
791 1806 867 1863 Gom·

67 1882 236 1945 ilococoram
245 1893 317 1939 meet
326 1892 379 1939 erto
388 1888 585 1954 immunitatum
599 1884 867 1955 ubimutuamprae-

70 1951 119 2010 tert
128 1960 335 2015 conversionem
345 1959 470 2022 assertio,
481 1959 612 2029 quoniam
622 1958 735 2030 placens
745 1957 797 2012 deo
807 1974 866 2011 mos

69 2033 308 2101 reprehensionem
317 2050 372 2088 non
382 2040 517 2096 meretur,
539 2034 588 2105 qui
603 2032 867 2089 autemimmacula-

71 2110 113 2158 tus
122 2116 201 2163 estet
212 2107 466 2179 irreprehensibilis
477 2107 507 2160 in
519 2107 661 2171 omnibus,
682 2108 795 2162 omnino
805 2106 867 2177 pla-

73 2187 112 2233 cet
121 2179 203 2255 (deo).
222 2182 367 2255 Duplicem
377 2183 471 2253 itaque
481 2184 599 2253 gratiam
608 2182 755 2255 pollicetur
765 2180 867 2237 donare

73 2253 110 2317 ei,
139 2259 190 2330 qui
214 2257 249 2312 ab
271 2257 348 2312 omni
375 2256 515 2329 vituperio
538 2256 705 2313 declinabit:
744 2257 867 2328 primum

76 2330 210 2389 munem
237 2331 357 2403 depositi
385 2331 545 2387 divinorum
566 2338 801 2388 testamentorum
829 2330 868 2384 ait

75 2399 159 2471 ipsum
173 2407 354 2471 constituere,
373 2415 400 2463 et
413 2404 517 2461 deinde
534 2408 564 2461 in
583 2405 792 2462 multitudinem
811 2414 867 2459 ter-

76 2477 138 2535 nini
157 2480 281 2536 nuciam
298 2497 421 2537 crescere
438 2480 539 2537 lacere.
587 2480 660 2537 lllud
680 2482 755 2537 enim
771 2494 868 2549 ponam

77 2552 156 2615 {Mus
170 2556 208 2627 (a.
221 2558 408 2627 tutamentum)
424 2573 507 2611 meum
522 2562 590 2612 tuter
603 2574 644 2611 me
662 2565 687 2610 et
705 2565 729 2609 te
747 2550 868 2609 ostendit

78 2637 169 2686 munus
178 2629 321 2685 custodiae
330 2631 390 2685 veri
404 2630 526 2687 hominis
541 2630 663 2686 honesti:
679 2632 755 2682 'nam
770 2624 868 2679 foedus

80 2694 118 2755 lei
129 2712 217 2760 totum
230 2704 422 2776 incorporeum
436 2713 479 2759 est
492 2705 624 2766 verbum,
648 2702 735 2757 torma
749 2706 776 2752 et
790 2712 870 2750 men-

81 2788 135 2833 sura
150 2779 358 2844 miserorum,
379 2795 435 2851 que
449 2778 571 2835 mundus
585 2780 639 2833 iste
658 2771 785 2829 conditus
804 2768 867 2823 tuit.
