2050 3100
141 191 187 241 tot
255 194 356 238 errrn.
377 193 450 237 run.
471 162 702 248 Qususrsnr
726 190 805 235 son.
826 184 946 250 [rr,2ar.]

137 312 189 351 non
203 303 274 347 stare
286 297 315 346 tn
328 296 427 347 cunctis
439 295 545 360 finibus,
560 298 627 362 puta
639 290 811 345 intellectum
820 290 850 344 in
861 306 947 344 carne

138 367 184 423 vel
196 366 338 421 affectibus
349 366 445 420 animi.
481 366 557 427 ¹Dicit
567 382 645 437 ergo:
667 364 698 420 Si
708 365 766 428 vis,
776 372 847 428 otu,
861 381 948 419 mun-

139 443 183 497 dis
198 459 259 496 esse
275 440 413 505 moribus,
438 440 495 495 noli
510 449 582 496 stare
596 456 686 511 neque
700 440 730 495 in
743 456 798 494 uno
809 439 869 493 loco
879 438 947 493 finis

139 511 238 579 h'uius,
260 515 310 570 sed
323 516 418 570 omitte
431 516 538 579 omnia,
558 523 652 586 utpote
662 516 716 568 cito
726 514 810 568 citius
820 521 947 568 transeas

139 608 279 664 peremne
289 590 431 654 damnum,
444 606 499 662 quo
510 607 589 644 mens
600 589 719 644 laeditur
728 606 744 643 a
753 605 833 642 carne
844 589 949 661 singu-

140 667 232 736 lisque
241 666 301 720 eius
313 665 452 720 sensibus.
493 665 658 735 Quicunque
667 680 738 718 vero
746 670 870 734 perstant
879 679 947 717 cum

140 741 198 796 illis
214 748 241 794 et
256 740 404 795 adhaerent
418 741 460 794 eis
473 740 611 803 moribus,
628 756 679 811 per
687 756 717 795 se
728 738 842 802 cadunt,
858 746 890 793 ut
901 738 949 792 in-

140 818 259 871 nitentes
271 824 468 887 sperantesque
479 816 508 869 in
519 823 650 870 mortuos.

136 1041 138 1045 ’
160 1017 196 1082 [Ἲ
221 1016 286 1072 Quid
302 1028 336 1067 eet
354 986 407 1079 „ln
424 1027 525 1067 montem
540 1017 647 1079 salvare,
665 1032 695 1065 aa
706 1016 774 1081 sorte
791 1014 929 1064 simulem

225 1084 272 1133 illis
290 1087 323 1149 (a.
343 1085 368 1133 ln
385 1084 710 1149 illiafcompreleadunffli
729 1085 787 1147 (19,
805 1083 858 1144 17.)

197 1222 240 1275 46.
266 1222 368 1277 Littera
382 1220 503 1276 ostendit
519 1219 675 1276 humilioris
690 1218 781 1289 campi
791 1218 949 1288 corruptio-

141 1312 205 1349 nem
221 1294 371 1371 (luturaml.
412 1294 454 1350 Ad
469 1304 589 1350 mentem
605 1310 669 1349 vero
684 1293 794 1348 videtur
808 1292 877 1347 haec
895 1291 948 1346 de-

68 1376 71 1383 “
141 1371 263 1441 signare.
313 1370 489 1441 Superiorem
515 1370 590 1425 viam
614 1385 701 1439 quum
725 1368 840 1440 incipiat
863 1383 949 1439 agere

142 1460 234 1504 mens,
258 1444 355 1497 melior
368 1443 495 1498 redditur
504 1443 682 1514 proficitque,
704 1444 820 1497 terrenis
830 1449 857 1496 et
867 1441 949 1495 infir-

132 1517 195 1571 mis
207 1516 361 1581 derelictis,
378 1518 482 1588 quibus
491 1518 683 1590 obsequuntur
694 1516 776 1574 avide
785 1516 949 1588 indiscipli-

142 1592 210 1646 nati.
250 1590 305 1656 Qui
314 1609 379 1646 vero
390 1592 425 1646 ad
436 1592 532 1647 altiora
542 1594 679 1658 elevatur,
696 1592 847 1652 ascendens
874 1592 950 1647 levi-

142 1675 197 1721 tate
208 1663 320 1737 a‘ccepta
331 1667 521 1738 circumspicit
531 1667 702 1740 attenditque
713 1686 754 1732 ea,
761 1685 832 1740 quae
843 1668 873 1722 in
884 1669 949 1722 aare

143 1749 245 1795 suntet
256 1741 379 1804 aethere,
402 1750 484 1812 atque
494 1743 649 1797 universim
660 1753 748 1798 totum
758 1743 879 1806 caelum,
897 1760 951 1796 na-

143 1817 233 1869 turam
244 1824 389 1886 motusque
399 1817 474 1880 eius,
494 1816 652 1873 harmonias
662 1827 689 1874 et
699 1818 859 1882 affinitates,
876 1834 951 1888 qua-

142 1898 224 1943 tenus
235 1889 391 1945 referuntur
401 1890 436 1945 ad
449 1908 479 1946 se
495 1893 631 1958 invicem,
653 1901 681 1948 et
694 1895 857 1948 universum
867 1892 952 1956 hunc

143 1963 289 2017 mundum.
309 1965 312 1972 ’
328 1963 467 2021 Ascensus
481 1968 535 2022 iste
549 1968 702 2041 symbolice
716 1986 789 2023 mons
798 1976 840 2022 est
849 1968 951 2038 appel-

143 2039 229 2102 latus,
259 2037 309 2093 sed
328 2057 425 2095 verum
445 2043 507 2096 eius
526 2060 626 2097 nomen
646 2044 782 2114 sapientia
802 2051 852 2097 est.
892 2042 951 2108 Qui

143 2115 218 2167 enim
238 2115 372 2183 veraciter
390 2115 573 2187 philosophus
594 2119 704 2173 exsistit
717 2118 841 2174 animus.
866 2117 952 2171 altio-

143 2206 206 2243 rum
226 2189 457 2261 excelsorumque
473 2193 590 2262 cupiens
610 2193 760 2256 visionem,
791 2193 821 2246 in
837 2191 950 2246 aethere

143 2265 205 2334 ipso
224 2263 357 2329 ambulat.
397 2264 570 2336 Responsum
589 2267 683 2338 itaque
698 2266 826 2322 divinum
841 2283 873 2336 ao
888 2283 952 2321 ωο-

144 2339 234 2392 eitum
249 2338 300 2394 hoc
315 2337 378 2394 ideo
391 2339 530 2411 prolatum
545 2348 599 2405 est,
623 2341 756 2412 quoniam
775 2342 951 2412 quicumque

143 2412 274 2468 inferiora
284 2415 336 2468 ista
347 2422 510 2488 terrepaque
520 2415 706 2479 aemulantur,
721 2416 877 2470 moriuntur
887 2417 951 2470 ani-

143 2504 189 2542 ma
204 2505 219 2541 a
234 2506 298 2542 vera
313 2490 370 2543 vita
381 2498 512 2560 vagantes
523 2491 596 2545 sicut
606 2491 720 2558 mortui,
747 2491 797 2560 qui
808 2507 874 2546 vero
885 2507 950 2545 cae·
964 2559 969 2564 ι

145 2560 224 2615 lestis
239 2562 398 2617 desiderant
411 2572 438 2618 et
452 2564 482 2617 in
497 2565 584 2619 altum
598 2564 698 2620 elevati
718 2572 796 2626 aunt,
817 2564 871 2618 soli
891 2565 949 2618 sal-

144 2646 257 2699 vantur,
280 2637 422 2692 mortalem
438 2638 509 2694 hano
522 2640 606 2693 vitam
616 2638 645 2690 in
657 2638 743 2692 vitam
753 2638 950 2693 immortalita-

144 2709 180 2760 tis
191 2719 398 2766 commutantes.
