2050 3100
64 241 183 308 [litte]
246 245 287 290 IN
307 245 484 292 GENESIN.
504 247 632 294 sERuo
650 249 693 298 lv.
824 246 874 300 237

63 357 138 403 stus.
179 344 250 412 Quia
271 353 362 400 autem
377 345 475 402 iratres
487 356 566 412 sunt,
587 356 677 419 potest
692 348 752 406 fieri
766 360 793 406 et
806 369 873 408 con·

62 423 195 478 uarietas
214 422 287 476 inter
305 421 391 492 ipsos.

66 553 136 612 Quid
153 562 188 602 eat
204 549 303 614 „Nunc
319 552 404 616 icitur,
421 553 466 614 fili
481 554 525 614 mi,
548 554 608 605 audi
622 571 668 618 me,
693 565 716 606 et
731 557 821 606 vadens
839 558 874 607 ad

132 635 231 688 prepem
252 635 316 672 sume
332 619 386 669 inde
404 620 462 674 mibi
479 620 538 670 daos
555 620 644 671 baedae
661 639 788 688 caprarum
810 633 872 674 tene·

133 703 176 736 ros
199 695 223 736 et
245 688 329 750 bonos,
358 688 488 754 etfaciam
506 704 546 737 eos
564 705 630 738 meas
643 691 713 753 patei
730 699 781 755 tuo,
811 693 872 741 sicat

135 753 240 803 amavit:
285 763 357 818 atque
383 753 505 804 comedens
534 756 656 806 benedicat
681 767 715 820 te,
744 768 872 822 antequam

135 821 295 870 moriatur“t
313 822 366 885 (27,
388 823 486 880 8·10.)

123 909 185 964 200.
217 899 345 976 Corporis
364 905 526 978 magnitudo
545 923 600 961 una
619 925 683 963 oum
697 910 813 963 sanitate
828 911 872 963 vi-

62 998 178 1038 eaerum
191 988 268 1052 patet
282 981 364 1034 etiam
379 979 485 1035 cxcibi
499 981 681 1052 confection03
713 983 782 1038 duos
796 985 871 1039 enim

61 1056 170 1112 haedos
185 1056 307 1128 pingues
321 1054 452 1109 exhibere
473 1055 572 1128 ingens
592 1073 624 1110 ac
643 1073 788 1128 procerum
810 1075 872 1113 cor-

61 1150 119 1206 pus
129 1131 238 1186 indicat
246 1147 302 1184 una
313 1145 375 1188 cum
386 1128 537 1185 fortissima
546 1132 589 1194 vi,
611 1147 683 1201 quae
692 1147 802 1185 omnem
811 1150 872 1188 me-

61 1209 158 1262 dicam
173 1206 306 1260 virtutem
320 1203 477 1276 superabat.
517 1207 586 1259 Nam
601 1206 626 1259 si
640 1221 786 1259 senescens
801 1205 872 1261 dno-

63 1299 128 1338 rum
138 1279 291 1335 haedorum
301 1278 448 1350 superabat
458 1296 549 1343 escas,
571 1287 673 1350 quanto
686 1280 775 1351 magis
784 1295 871 1350 quum

64 1355 103 1432 [Ἴ
111 1355 317 1412 iuvenisesset:
332 1371 386 1409 non
397 1355 433 1410 ob
445 1355 605 1409 aviditatem
615 1353 872 1410 edacitatis—abs-

62 1433 157 1487 tinens
173 1431 251 1485 enim
266 1437 323 1484 erat
336 1427 499 1501 religiosus,
521 1431 558 1484 ita
574 1438 604 1483 ut
619 1428 722 1484 nullibi
736 1429 778 1489 sic
791 1429 872 1498 quis'-

63 1523 150 1579 quam
160 1505 329 1579 reperiretur
343 1533 393 1571 -‚
410 1504 460 1559 scd
474 1504 509 1560 ob
527 1507 626 1560 miram
639 1504 870 1561 constructionem

65 1750 285 1807 constantissimi
300 1756 326 1803 et
335 1750 473 1805 temerarii
484 1750 579 1806 iratres
589 1751 659 1816 sint,
676 1759 793 1806 attamen
805 1767 869 1828 pos-

66 1836 131 1881 sunt
142 1826 199 1881 sibi
210 1841 272 1881 esse
282 1826 421 1880 contrarii.

68 1967 133 2024 Quid
149 1977 186 2017 est
204 1964 300 2029 „Nemo
319 1982 388 2031 erqo,
410 1966 464 2028 fili,
493 1966 552 2015 audi
567 1982 604 2016 me
622 1977 645 2016 et
659 1984 736 2033 perpe
758 1967 794 2017 ad
815 1983 870 2017 oves

132 2044 156 2084 et
179 2035 262 2099 accipe
286 2034 344 2083 miti
364 2034 420 2083 inde
441 2034 500 2083 duos
522 2032 609 2083 boedos
632 2035 712 2085 modes
738 2034 870 2100 Aepyptios

44 2119 48 2125 ·
133 2105 231 2166 (marg.
249 2102 417 2165 depticios),
442 2112 464 2151 et
474 2102 585 2165 faccito
604 2118 644 2151 eoo
658 2103 729 2165 patri
745 2112 784 2152 tuo
802 2117 870 2150 escas

132 2179 159 2219 at
183 2177 262 2231 cenat,
292 2177 315 2219 et
337 2168 489 2218 manducabit
511 2178 534 2217 et
555 2169 677 2225 benedicat
694 2180 717 2219 te
736 2179 791 2218 aute
808 2184 869 2216 mor-

131 2238 219 2285 tem“t

120 2325 184 2379 200.
211 2320 330 2376 vastitas
344 2321 466 2391 corporis
480 2328 507 2375 et
520 2322 603 2375 insita
613 2320 735 2375 robustis
744 2329 819 2374 certa
826 2327 869 2373 est

64 2413 99 2451 ex
112 2395 324 2468 praeparatione
341 2394 498 2466 epularum:
529 2395 601 2449 duos
618 2412 729 2466 nanque
749 2396 868 2466 pingues

63 2469 170 2526 hoedos
188 2486 301 2525 sumere
318 2469 417 2541 peiorii
437 2472 559 2541 corporis
573 2478 629 2533 est,
650 2486 713 2523 cum
728 2468 869 2523 nimietate

64 2544 253 2607 fortitudinis,
274 2560 345 2615 quae
364 2560 472 2600 omnem
492 2544 802 2616 palestricosihilitatem
821 2557 870 2594 su-

64 2630 155 2691 perat,
181 2628 210 2675 et
221 2620 250 2673 si
265 2619 295 2673 in
312 2627 451 2675 senectute
471 2619 581 2674 duobus
598 2620 685 2673 utitur
704 2614 869 2684 hoedispro

65 2696 137 2759 cibo,
150 2696 285 2766 quotiens
293 2696 410 2764 putasin
422 2692 583 2749 iuventute?
597 2695 653 2747 Hoc
658 2706 712 2743 non
717 2705 767 2758 pro
778 2688 869 2741 avidi-

66 2779 119 2827 tate
130 2770 240 2825 dictum
250 2798 289 2811 -·
298 2770 440 2825 continens
450 2769 524 2824 enim
535 2768 602 2830 fuit,
614 2775 645 2819 ut
654 2776 735 2817 nemo
744 2760 811 2817 alter
821 2790 867 2824 -,
