2050 3100
166 157 215 211 398
394 162 580 209 PHILONIS
603 161 740 209 lunam
858 157 903 225 [IL
914 157 970 223 iii]

166 271 192 319 et
206 264 305 318 Manae
319 278 349 319 se
361 263 562 336 praesentavit,
587 262 637 318 sed
654 263 731 317 venit
743 271 771 317 et
789 261 900 319 adstitit
921 264 972 319 hu·

165 354 246 393 mano
257 338 339 393 oculo
351 338 488 395 visibilis:
516 355 570 393 non
587 337 738 393 sicut-solis
752 338 817 393 halo
832 339 973 395 intuentes

166 414 195 467 in
213 430 244 468 se
263 415 385 473 concutit
402 413 564 485 splendore,
591 412 641 467 sad
660 412 708 468 bic
725 414 826 469 blanue
843 414 975 487 apparuit

165 497 321 543 mensurata
331 490 453 554 visione,
467 488 627 553 artificiose,
642 488 757 553 ordiri,
769 496 796 543 et
805 499 973 560 opportune.

164 563 219 618 Ubi
230 564 304 617 enim
314 572 390 619 erant
399 564 549 637 promissio
557 571 585 617 et
594 563 699 618 donum
708 572 736 619 et
745 564 896 630 donatum,
908 581 975 620 ana-

166 638 255 710 logice
268 639 410 710 oportebat
423 638 616 711 magnitudine
631 638 735 694 donum
745 639 879 704 exaltari,
901 649 934 694 ut
944 638 975 692 fi-

167 712 229 766 dem
242 714 370 767 amaiore
379 714 510 768 maiorem
521 713 672 784 acciperet:
694 713 745 769 ubi
753 730 824 769 vero
833 714 974 786 simplicis

166 787 301 841 sermonis
316 787 442 860 nudique
460 788 583 843 mandati
602 789 690 860 (locus
711 787 793 861 erat),
820 788 974 860 tranquilla

165 862 273 917 visione
293 878 363 933 opus
380 862 446 927 tuit,
472 864 611 918 dictorum
628 864 730 935 gratia,
756 879 791 917 ne
809 865 973 918 memoriam

166 945 374 1008 praeceptorum
389 939 471 994 timor
483 938 635 993 obvelaret.
674 939 731 992 lmo
747 937 840 1008 potius
861 938 975 993 videtur

167 1011 237 1067 mihi
247 1010 338 1067 dividi
349 1014 422 1069 visio
432 1014 525 1086 angeli
535 1012 569 1067 ad
580 1022 725 1084 utramque
734 1019 860 1066 naturam
870 1052 877 1077 ,
893 1013 935 1067 ita
947 1019 976 1065 ut

167 1087 268 1143 mulier
281 1088 363 1160 plane
379 1088 482 1143 viderit
496 1098 524 1143 et
537 1089 581 1143 vir
594 1095 728 1158 quantum
746 1088 847 1158 potuit.
893 1084 975 1153 Quod

167 1171 259 1218 autem
276 1164 317 1217 aio
335 1162 471 1217 ambobus
489 1164 663 1234 apparuerit,
688 1164 855 1232 scripturam
874 1170 975 1217 testem

167 1238 285 1293 adduco.
330 1240 399 1293 Nam
418 1238 564 1293 mulierem
582 1238 620 1292 ita
638 1236 747 1292 inducit
764 1246 926 1292 narrantem
941 1237 975 1291 de

167 1322 264 1369 natura
278 1314 449 1385 apparentis,
474 1312 585 1367 dicens:
615 1314 661 1367 Vir
673 1316 715 1366 det
728 1316 798 1365 verrit
812 1316 849 1365 od
862 1330 926 1375 noc,
952 1319 975 1365 ct

165 1394 232 1443 cisio
255 1394 310 1443 etur
333 1393 399 1444 sicut
423 1392 489 1441 vtato
509 1389 597 1455 capeti
620 1390 819 1454 (ludic.13‚t).
872 1388 974 1443 Manna

169 1479 232 1517 vero
243 1463 330 1537 quid‘l
351 1463 435 1523 uicit,
447 1461 523 1532 qnod
533 1462 673 1517 Nouuooit
683 1462 792 1523 Monac,
806 1466 879 1529 quod
892 1480 974 1533 naqa·

167 1540 208 1594 lua
217 1542 314 1594 domini
323 1546 386 1593 esset
397 1544 442 1608 (ib.
454 1559 491 1592 vs.
503 1542 559 1603 16).

226 1646 267 1700 ta.
290 1641 369 1710 Quod
388 1645 413 1698 si
427 1644 465 1698 ita
483 1659 527 1698 res
540 1659 572 1697 sc
586 1641 682 1706 babet,
708 1643 831 1714 cognitio
844 1643 973 1698 mulieris

167 1725 209 1774 ast
219 1719 291 1774 circa
296 1717 468 1788 praeclarum
481 1718 590 1772 vultum
598 1726 627 1772 et
636 1718 778 1789 ingentem
787 1719 972 1779 maiestatem,

166 1794 320 1866 ignorantia
335 1809 400 1848 vero
415 1793 470 1847 viri
487 1793 561 1847 circa
579 1792 738 1863 simplicem
756 1791 875 1847 formam
895 1810 974 1847 man-

166 1877 332 1939 suetumque
341 1867 461 1922 vultum.
500 1866 637 1933 Quoniam
652 1867 727 1922 idem
737 1875 795 1922 erat
802 1875 832 1921 et
842 1864 881 1940 [³¹⁵]
895 1885 973 1922 man-

166 1951 262 1997 suetus
272 1951 299 1997 at
309 1942 478 2013 praeclarus,
491 1942 614 1998 modeste
620 1943 748 1998 narrabat
753 1941 889 2013 primum,
897 1941 972 2014 quod

166 2017 292 2072 mulieris
306 2018 395 2090 gratia
410 2017 512 2072 missus
528 2017 626 2073 luerat.
670 2019 739 2072 Nam
755 2016 830 2070 sicut
843 2017 972 2072 minister

111 2105 117 2120 “
166 2092 240 2163 regis
249 2092 381 2146 victoriae
393 2100 486 2146 contra
495 2093 588 2147 hostes
598 2093 732 2146 nuncium
742 2090 803 2154 dat,
818 2091 972 2146 siomulie-

166 2167 190 2219 ri
205 2166 320 2238 angelus
338 2165 373 2220 da
392 2166 505 2222 vinculo
524 2174 638 2221 naturae
656 2165 800 2232 sterilitate
819 2165 971 2221 laborantia

166 2240 298 2296 solvendo
309 2241 550 2296 annunciationem
559 2241 616 2295 dat.
645 2240 702 2294 lloc
712 2239 793 2294 modo
803 2241 901 2311 itaqua
910 2259 971 2295 mu-

166 2315 228 2370 lieri
238 2316 361 2386 primurn
372 2332 516 2387 apparens,
533 2315 634 2370 deinde
644 2321 671 2369 et
681 2331 697 2368 a
706 2315 767 2369 viro
776 2315 879 2368 iterum
888 2333 971 2370 voca·

164 2399 209 2442 tus
224 2388 300 2444 haud
315 2389 505 2460 superbiebat;
534 2405 701 2459 rursumque
714 2388 790 2460 quod
803 2405 860 2444 non
869 2405 970 2444 convc-

165 2461 306 2524 niebatei,
329 2472 553 2532 exspectarenon
563 2462 755 2518 cunctabatur.
793 2464 892 2518 Postea
906 2481 969 2520 vero

163 2547 250 2599 quum
265 2536 342 2588 venit
355 2536 423 2589 illuc
438 2537 482 2590 vir
495 2544 522 2590 et
535 2554 589 2591 non
600 2536 756 2592 secundum
766 2537 937 2610 condignam
945 2540 968 2593 ei

164 2603 280 2669 gloriam
290 2609 406 2660 accessit
416 2609 450 2661 ad
461 2625 539 2672 eum,
558 2610 608 2664 aad
620 2612 703 2665 etiam
714 2612 800 2665 nimis
814 2620 968 2685 contempto

164 2672 355 2746 interrogavit,
377 2681 441 2749 quis
452 2681 488 2735 sit
498 2690 526 2735 et
536 2682 629 2738 unde?
648 2693 732 2757 atque
745 2685 821 2742 huuc
832 2695 914 2742 tuum
924 2688 969 2742 ad·
