2050 3100
173 124 220 176 ttt
378 130 579 177 carnosus
602 117 741 175 mitani
877 124 976 191 [rma]

171 246 221 285 cua
234 230 368 301 proiioere
382 228 462 285 docet
476 246 508 284 eo
522 230 617 293 modo,
642 237 673 283 ut
690 229 787 300 pullos
810 230 975 286 assuefaciat

171 322 232 361 sese
246 313 417 369 convertere,
437 314 468 360 ut
481 304 554 361 foras
569 306 661 360 alvum
671 314 841 370 exonerent,
864 323 933 378 prae
943 306 973 359 ti-

170 397 259 444 more,
280 397 315 434 ne
329 388 493 453 aggravatus
508 379 592 435 nidus
604 396 737 451 praeceps
747 379 847 436 cadat.
890 380 973 448 Quum

172 463 262 510 autem
277 454 441 525 slmplioiter
454 455 584 510 oberrans
598 455 654 508 huc
666 454 736 508 illuc
749 454 787 510 ob
802 457 973 527 procurabo

170 547 233 585 nem
243 532 459 585 necessariorum
469 530 558 585 redux
572 530 668 593 fuerit,
689 530 717 582 in
733 528 866 585 alienum
882 530 972 585 nidum

170 604 284 657 minime
298 604 394 668 intrat,
416 604 466 659 sed
480 605 541 659 falli
555 606 679 659 nescium
695 603 730 657 ad
744 622 832 659 sunm
850 607 931 661 venit
949 606 970 657 in

169 678 260 733 reditu
270 678 306 733 ob
315 678 485 735 desiderium
497 696 577 734 curae
586 680 723 753 propriae.

224 806 268 860 23.
289 802 432 859 Caeterum
446 821 501 859 non
516 804 605 859 solum
616 802 748 857 naturalis
758 802 880 858 auditus
892 804 970 859 acin

168 879 327 934 structionis
343 879 444 934 habent
457 880 602 951 ingenium
616 877 708 948 aliqua
718 877 905 943 animalium,
928 894 969 933 ve·

168 970 231 1008 rum
249 956 333 1009 etiam
351 954 492 1025 complura
512 954 659 1008 edocentur
682 953 797 1008 meliore
821 952 968 1026 diligentia

168 1030 323 1085 auscultare
332 1028 504 1100 obsequiqua
514 1028 564 1091 iia,
575 1044 654 1103 ‚quae
668 1027 738 1099 ipsis
749 1027 882 1099 magistri
892 1045 969 1099 prae·

168 1106 290 1176 cipiunt,
306 1105 344 1158 ita
351 1112 384 1158 nt
393 1111 539 1158 vereantur
548 1119 674 1173 peccare,
694 1109 720 1157 et
730 1101 871 1157 laetentur
882 1103 919 1158 de
930 1121 969 1157 re·

168 1178 221 1233 bus
236 1188 308 1234 recte
323 1179 451 1249 peractis:
491 1178 547 1232 Sed
565 1178 634 1248 quid
649 1176 761 1247 expedit
774 1176 810 1231 de
824 1178 969 1233 cicuribus

167 1256 335 1310 mentionem
350 1251 457 1308 taceret
475 1252 565 1307 Catuli
582 1251 695 1324 quidam
713 1251 837 1323 (leonum
858 1254 907 1308 vel
927 1272 968 1307 ca-

166 1331 244 1402 num)
259 1330 335 1383 iuxta
350 1328 501 1383 naturalem
516 1326 646 1382 fiduciam
662 1342 794 1381 unacum
813 1316 969 1398 cupiditate

167 1403 293 1458 ciborum
302 1411 443 1459 venatores
453 1402 518 1457 lacti
527 1410 604 1466 sunt,
626 1402 664 1457 ita
674 1410 704 1455 ut
713 1400 840 1455 homines
856 1412 969 1457 venato·

166 1494 211 1531 res
225 1476 368 1532 obviantes
382 1476 567 1531 invaderent*
594 1474 631 1551 [⁴¹⁵]
650 1475 741 1543 Quum
754 1484 849 1531 autem
866 1478 968 1550 aliquis

166 1569 261 1606 eorum
271 1553 408 1608 cohabitet
417 1553 570 1616 nobiscum,
581 1560 666 1606 artem
675 1552 845 1623 propositam
855 1553 969 1608 discen·

166 1626 202 1680 do
221 1628 349 1699 percipit.
388 1629 458 1683 Ecce
477 1629 552 1682 enim
570 1627 682 1698 aurigae
703 1635 788 1682 artem
807 1626 967 1684 vilissimus

165 1701 296 1758 omnium.
309 1703 470 1757 animalium
489 1702 588 1756 simius
606 1702 636 1755 in
655 1701 782 1756 hesterno
806 1704 968 1772 spectaculo

166 1784 324 1846 usurpatam
343 1777 500 1832 ostentavit.
534 1775 683 1832 ¹Residens
706 1776 781 1830 enim
804 1776 834 1830 in
862 1777 967 1833 tabulis

165 1866 261 1904 currus
278 1867 294 1904 a
308 1859 424 1921 quatuor
437 1852 528 1923 capris
542 1852 627 1915 vecti,
648 1867 696 1922 per
710 1849 882 1912 orchestram
892 1854 966 1908 auri-

165 1941 227 1999 gam
239 1926 305 1998 egit,
320 1940 352 1980 ao
361 1926 437 1981 velut
446 1927 476 1981 in
486 1926 668 1998 hippodromo
678 1933 791 1980 certator
800 1926 922 1996 quidam
933 1927 966 1982 dc
1002 1951 1003 1954 ¹

164 2001 279 2056 victoria
299 2010 468 2065 concertans,
493 2018 606 2057 movens
624 2001 746 2056 habenas
765 1997 965 2073 flagellumque

164 2077 322 2131 concutiens
337 2084 364 2130 et
376 2077 405 2130 in
416 2091 494 2130 aures
504 2093 648 2146 caprarum
657 2073 823 2138 vociferans,
844 2077 964 2132 mirifice

163 2159 329 2223 spectatores
342 2150 499 2205 oblectavit,

217 2279 261 2333 il.
284 2276 393 2332 Haedus
408 2284 512 2338 autem,
539 2275 637 2330 subtili
652 2273 775 2330 funiculo
787 2272 840 2328 alte
858 2291 875 2328 a
891 2284 962 2332 terra

162 2351 278 2404 strictim
289 2351 426 2422 colligato,
433 2367 578 2406 acconem
583 2349 707 2408 ascendit
715 2365 765 2421 per
775 2365 848 2411 eum,
857 2358 886 2403 et
896 2367 961 2406 con-

162 2428 264 2475 stanter
274 2424 661 2496 superambulabattamquam
671 2425 700 2478 in
711 2423 768 2478 solo
777 2425 960 2495 progrediens

160 2493 342 2560 perplateam,
355 2499 498 2552 veritusne
507 2515 557 2568 per
567 2498 753 2554 declivitatem
764 2496 895 2553 deorsum
905 2500 961 2554 ler-

160 2569 247 2626 retur,
265 2583 352 2634 quum
362 2569 397 2622 ab
408 2570 563 2626 adversario
574 2591 589 2626 a
599 2581 675 2643 tergo
685 2580 772 2627 stante
783 2589 843 2626 eam
854 2572 884 2627 in
893 2591 961 2644 par-

159 2637 215 2682 tem
224 2634 421 2695 detraheretur.
459 2645 493 2697 Et
503 2645 577 2699 hunc
587 2647 679 2715 ipsum
689 2664 740 2720 ego
751 2645 809 2702 vidi
818 2656 914 2718 postea
927 2651 960 2705 in
