2050 3100
3 212 5 291 l
71 200 118 267 [11,
133 198 194 263 33⁹]
256 204 298 249 ΙΝ
319 204 646 252 Genesimsleumo
664 207 707 254 1v.
835 203 883 257 ⁴53

3 294 5 365 l
73 322 132 377 quc
146 304 289 360 indicator
302 303 445 371 dominus,
468 305 503 361 ad
517 322 630 363 servum
644 316 765 365 mentem
778 318 885 381 oportet

72 398 120 436 me
134 378 282 453 degere*).

78 554 163 613 Quare
181 556 255 606 dicit:
292 554 432 619 „Dominae
453 556 571 608 benedicit
588 558 706 609 dominum
718 576 792 610 merca
804 561 881 625 vam,

146 634 171 673 et
191 623 313 673 exaltatus
334 632 382 685 est;
421 633 445 673 et
463 624 529 675 dedit
546 625 569 675 ei
586 642 641 675 coes
657 637 681 676 et
697 628 783 677 vitulos
801 637 824 678 et
842 646 884 678 cre

145 708 200 741 rum
219 700 242 741 et
261 700 397 755 arpentum,
410 708 496 743 'servos
515 700 539 742 et
553 694 665 757 amum,
686 696 787 745 camelos
800 704 823 746 et
837 697 885 745 oei·

148 760 235 807 nosti
253 760 307 823 (24,
325 758 381 823 at.)

138 862 198 917 til.
224 860 319 915 Mirari
332 860 444 916 omnino
459 860 525 916 licet
538 861 655 918 litteram
665 865 885 936 sententiamque

78 936 108 990 in
124 952 157 990 ea
172 934 347 999 conclusam,
373 936 439 1007 quia
459 936 594 992 bonorum
613 949 885 995 commemoratorum

80 1010 248 1082 principalis
260 1004 297 1085 [*]
309 1009 389 1064 ducis
403 1006 530 1067 ordinem
543 1014 637 1068 sortita
651 1023 715 1070 sunt
725 1014 823 1071 divina
832 1016 887 1069 mi-

80 1086 198 1149 rabilia,
224 1084 346 1141 bumana
359 1102 425 1140 vero
440 1086 568 1141 satellitis
583 1105 614 1142 ac
632 1089 754 1144 ministri
773 1098 884 1144 sortem.

81 1159 230 1232 Siquidem
250 1159 399 1215 mirificum
417 1159 489 1215 illud
509 1161 613 1217 bonum
633 1162 761 1217 divinum
780 1171 822 1217 est
841 1164 887 1218 dei

81 1235 257 1300 benedictio,
278 1251 350 1305 quae
364 1242 406 1289 est
420 1236 556 1307 optimum
568 1237 716 1291 consilium
726 1236 759 1308 (s.
771 1238 888 1309 integri-

81 1320 122 1365 tas
136 1309 267 1383 mentis),
287 1308 408 1365 humana
429 1327 492 1367 vero
510 1319 576 1366 sunt
593 1311 724 1366 materiae
743 1310 885 1365 mortales:

83 1385 153 1441 baec
172 1392 267 1440 autem
287 1384 384 1440 audire
403 1401 523 1455 aequum
538 1387 664 1451 matois,
684 1385 734 1456 qui
749 1385 889 1456 recipiunt

83 1461 146 1525 illa,
169 1467 321 1531 quaesunt
335 1460 365 1514 in
380 1476 492 1530 corpore
507 1467 535 1515 et
547 1468 634 1515 extra.
674 1460 799 1532 Duplicis
813 1461 888 1515 enim

82 1536 190 1608 speciei
205 1542 284 1590 sunt:
318 1551 405 1591 unum
420 1534 506 1600 illud,
526 1535 602 1606 quod
616 1534 762 1592 dicebatur
776 1554 792 1592 a
807 1532 888 1592 domo

83 1611 192 1668 domini
212 1610 338 1666 subiecto
357 1609 507 1682 condigno,
532 1619 560 1666 et
578 1610 694 1667 alterum
714 1611 888 1668 auditoribus

83 1686 211 1741 noudum
227 1685 363 1758 purgatis.
402 1684 519 1756 Utrique
537 1686 612 1740 enim
630 1688 702 1759 parti
717 1687 888 1742 distribuens

85 1761 177 1836 (deus)
192 1761 309 1834 largitus
322 1767 364 1815 est
373 1760 517 1832 proprium
527 1760 583 1814 sibi
593 1761 710 1826 bonum,
727 1762 811 1817 simul
823 1762 890 1816 edo-

85 1853 166 1901 cens,
182 1836 248 1908 quis
260 1836 339 1890 alteri
349 1833 546 1907 praeferendus
555 1836 601 1890 sit.
640 1836 737 1903 Quoad
746 1853 812 1892 vero
822 1837 890 1891 alle-

84 1913 207 1985 goriam,
237 1910 462 1982 quibuscumque
481 1910 550 1965 deus
568 1912 734 1967 concesserit
752 1912 889 1983 optimum

86 1987 237 2043 consilium
255 2003 287 2040 ac
300 1984 490 2057 prudentiam,
511 1984 570 2039 illis
584 1985 631 2042 dat
645 1986 833 2058 principatum
848 1985 890 2040 la-

86 2062 274 2132 cultatemque
293 2059 481 2132 praefecturae
495 2076 629 2114 sensuum
643 2069 670 2116 et
683 2062 808 2116 omnium
821 2060 890 2115 bru-

86 2137 186 2192 talium
204 2137 326 2207 partium
345 2143 563 2205 cunctarumque
576 2152 683 2199 rerum,
704 2153 775 2207 quae
790 2151 890 2190 secun-

87 2212 155 2266 dum
174 2213 272 2266 inanes
291 2210 436 2282 opiniones
451 2225 595 2264 caecorum
608 2226 684 2266 more
698 2210 840 2284 finguntur
855 2209 890 2263 ab

87 2285 191 2342 inlecto
201 2286 260 2341 vita
269 2301 359 2341 caeca.
394 2285 459 2340 ideo
469 2283 571 2340 adiecit
580 2284 653 2340 illud
662 2290 739 2340 vulda
749 2294 776 2341 et
785 2287 891 2340 cculta-
991 2309 993 2316 a

87 2372 129 2418 tua
148 2371 200 2429 eat;
227 2361 294 2432 quia
312 2360 388 2416 haud
407 2359 582 2432 superficiale
602 2368 660 2416 erat
678 2361 827 2416 consilium
840 2358 891 2413 bo-

138 2509 161 2557 ¹)
175 2509 265 2549 Summa
278 2509 397 2550 obscuritas
409 2509 473 2549 huius
483 2507 526 2547 loci
538 2508 635 2550 tortum
648 2511 679 2549 rio
692 2511 756 2550 etiem
769 2511 842 2558 potest
853 2516 890 2547 ax-

88 2561 164 2611 pandi:
199 2560 255 2600 Hinc
271 2561 313 2599 iter
324 2561 414 2608 jacienti
429 2559 480 2598 mibi
497 2558 582 2605 directe,
601 2564 714 2608 postquam
730 2561 793 2598 trium
809 2568 890 2596 mensu-

88 2621 163 2654 rmm
173 2611 301 2660 perfecerim
313 2612 414 2660 cpolim
437 2609 506 2648 acciat
523 2611 595 2649 civitot
608 2612 688 2657 ναυσί(
700 2614 761 2657 aequo
773 2609 836 2646 renai
849 2608 890 2652 lex,

89 2667 108 2702 et
120 2662 172 2701 terti
184 2661 296 2710 inlusique
308 2661 419 2702 communia
432 2661 537 2699 iudicatos·
549 2661 656 2700 dominun
677 2660 709 2698 ite
721 2663 744 2697 ut
757 2658 841 2715 &osma
854 2667 891 2703 epo

90 2713 159 2751 mera
180 2712 235 2750 sicat
253 2711 366 2750 intellector
386 2720 457 2750 amns
478 2710 531 2754 dua,
558 2712 591 2748 oet
609 2713 632 2747 ct
651 2709 714 2747 index
730 2709 824 2746 mnus
841 2715 894 2753 erpa

91 2771 173 2806 rm
187 2763 246 2806 delet
258 2763 369 2805 intellectus
383 2763 434 2804 nuit
446 2761 520 2802 mm.
546 2758 627 2800 bach.
