2050 3100
166 239 181 289 ε
412 228 532 290 rrrrco'
551 242 720 289 runanus
854 237 977 305 [mos]

165 342 290 397 tudinem
304 346 401 406 moris,
423 352 530 415 apertos
542 344 636 398 oculos
646 344 756 416 erigunt
766 342 801 397 ad
811 342 979 399 ridendum

165 414 306 488 austeriora
322 419 484 473 excellentia
500 428 527 473 et
536 419 662 473 divinam
672 418 818 489 inquirunt
827 427 977 477 naturam.

165 492 358 549 Verumtamen
369 486 446 549 adest
456 502 482 549 et
492 494 565 549 illud
574 497 669 556 oculis,
680 492 754 564 quod
766 491 835 547 forte
844 496 923 564 quis
933 496 980 550 di·

165 569 236 621 xerit
250 566 420 639 superfluum
434 585 508 633 esse,
520 585 563 639 ,eo
576 567 651 639 quod
665 584 720 621 non
734 567 798 622 aliis
812 567 922 625 videre
937 578 980 625 est

164 642 365 697 instrumentis.
418 644 611 697 Necessarium
635 659 716 705 suna,
746 651 777 696 ut
795 644 977 708 ostenderet.

184 716 238 771 uod
253 718 343 771 omnis
358 718 407 789 qui
423 717 500 773 videt
515 716 731 781 montismontis,
751 732 880 788 necuno
892 722 979 775 exiis

164 734 257 845 doaso
268 798 357 863 neque
368 800 454 856 tecto,
464 792 547 864 plane
557 790 628 847 vidit
638 791 801 863 quisquam
823 808 888 848 uon
900 796 979 851 enim

164 867 205 921 slc
215 866 368 923 manifestis
379 866 460 937 (visis
469 866 597 923 sensibili
607 866 709 940 oculo),
719 863 821 921 velitis
830 870 978 941 aequiva-

165 936 223 994 lens
238 948 278 995 est
293 941 479 1012 speculativa,
499 950 530 998 ut
542 940 606 1013 quis
621 940 775 1013 speculator
789 938 851 993 lieri
865 946 975 1013 possit:

163 1014 225 1071 ideo
235 1017 324 1073 omnis
334 1014 482 1087 prophetae
491 1033 636 1081 commune
646 1032 745 1070 nornen
759 1016 865 1070 Videas.

220 1110 244 1162 3.
265 1106 378 1165 Posthac
388 1116 481 1165 autem
491 1107 606 1163 dicitur:
628 1107 787 1163 asemas
796 1110 854 1160 virs·
864 1115 977 1166 subnot

162 1199 244 1251 sopra
255 1198 316 1239 aum
330 1190 406 1251 (Gen.
415 1192 457 1252 18,
468 1188 506 1247 2).
545 1182 608 1239 Noli
623 1197 688 1254 crgo
702 1181 865 1237 existimare
887 1186 976 1241 somi-

164 1254 283 1313 hominis
298 1256 447 1313 sectionem
460 1274 535 1315 nunc
548 1258 623 1312 viros
637 1253 695 1311 dici
709 1254 872 1314 secuudum
884 1276 976 1332 oppo

162 1330 289 1387 sitionem
305 1328 340 1387 ad
354 1332 497 1389 mulieres:
524 1329 749 1407 quandoquidem
760 1328 813 1385 tut
822 1347 889 1388 uon
899 1337 976 1391 viro-

163 1398 238 1469 rum,
260 1404 309 1463 sed
324 1415 464 1478 tamquam
479 1410 602 1463 virorum
621 1406 793 1479 apparentia,
815 1404 975 1466 divinitate

150 1478 321 1538 ‚nullatcnus
331 1490 434 1537 mutata
444 1483 474 1539 ln
484 1482 569 1539 aliam
578 1480 708 1547 formam,
738 1480 894 1538 nonenim
909 1502 977 1540 con-

163 1557 239 1623 venit
258 1557 284 1614 ei
305 1559 483 1616 mutationem
501 1559 634 1632 recipere.
677 1559 766 1614 Motus
785 1563 886 1614 autem
914 1562 976 1616 ani-

163 1643 238 1693 mus,
260 1648 310 1704 per
324 1643 483 1690 consuetam
493 1631 620 1698 formam,
642 1626 852 1704 adsempitcrui
864 1633 976 1692 invisi·

162 1703 284 1776 hilisque
294 1709 498 1780 perceptionem
509 1706 708 1764 destinabatur.
742 1704 902 1778 Siquidem
913 1712 976 1767 vult
1007 1710 1009 1803 l

161 1775 239 1834 Entis
250 1781 434 1840 masculinam
443 1791 582 1848 naturam,
602 1799 659 1854 qua
670 1781 975 1841 seminatuuiversum

162 1861 190 1907 et
202 1864 315 1926 generat
331 1867 442 1932 propter
461 1855 678 1917 misericordiam
699 1855 841 1914 mortalem
865 1860 976 1916 viven-

162 1937 230 1991 tem,
261 1927 302 1984 ois
322 1932 372 2004 qui
391 1935 495 1990 ratione
514 1942 579 1990 sunt
600 1929 733 2011 praediti,
761 1930 974 1992 demonstrare.

161 2002 296 2069 Quoniam
315 2003 460 2062 informem
481 2008 629 2064 essentiam
644 2003 683 2082 [Ἴ
696 2003 777 2062 multi
792 2002 930 2083 (pagani)
946 2022 977 2065 ut

162 2077 336 2136 divinitatem
347 2080 450 2154 lingere
460 2099 578 2157 aequum
588 2078 742 2145 duxeruut,
751 2079 918 2138 nescientes
929 2086 977 2140 di-

161 2153 335 2221 stinctionem
346 2157 452 2230 agentis
462 2167 488 2212 et
497 2157 640 2230 patentis,
659 2155 975 2225 necessariamquedo-

162 2229 278 2284 ctriuam
292 2229 444 2295 attendero,
465 2231 536 2304 quid
550 2241 592 2288 est
604 2249 662 2288 mas
677 2231 706 2287 in
721 2229 796 2286 omni
810 2246 840 2283 rc
854 2240 888 2286 et
898 2230 976 2307 qdid

162 2301 264 2360 femina
282 2307 398 2379 contigit
417 2324 488 2362 esse.
523 2305 597 2374 ¹Quia
617 2301 732 2368 leonina.
753 2301 825 2378 quac
844 2309 973 2374 patitur.

162 2379 277 2436 materia
291 2389 345 2450 est;
377 2382 518 2437 masculus
528 2398 593 2442 vero
603 2382 663 2454 ipse
673 2378 974 2458 opifexmundi‚·qui
1004 2404 1005 2409 ¹

162 2471 212 2507 suo
222 2451 360 2526 discipulo
371 2465 452 2526 atque
463 2457 581 2511 auditori
593 2455 664 2510 iusto
679 2463 804 2527 apparet,
826 2455 892 2511 suis
908 2460 975 2514 vir-

163 2528 270 2583 tutibus
282 2529 438 2599 praeditus:
469 2531 586 2595 militias
600 2530 721 2584 ducibus
741 2538 768 2583 ct
785 2527 973 2604 archangelis

162 2598 320 2726 {unagands
340 2619 435 2660 omnes.
449 2604 603 2675 principem
618 2612 751 2660 rectorem
764 2604 793 2657 in
806 2599 906 2660 medic
921 2622 974 2663 co-

173 2681 229 2726 sno
268 2691 293 2727 n.

218 2759 243 2809 t.
266 2749 318 2824 oui
334 2761 468 2831 ltaque'in
484 2763 575 2818 medio
590 2768 645 2828 est,
665 2763 720 2820 um
734 2761 907 2836 appellatur:
945 2779 974 2824 et
