2050 3100
194 171 228 224 tt
421 173 606 220 rainonis
623 171 763 220 renunt
909 167 1005 235 [Lep

195 275 359 339 multitudo,
375 270 540 349 atadillud‚
557 269 845 344 quodnonexparte,
866 274 988 332 aeduus

196 351 328 408 dilatetur
341 351 400 414 aer,
423 348 596 404 circumlatio
608 347 759 419 periodica.
798 348 987 406 Distantiarun

196 440 263 482 vero
272 426 385 482 intenta
395 424 519 479 siderum
529 421 707 478 multitudine
716 430 779 494 apta
789 425 936 494 proportio
949 443 987 480 nos

143 523 146 530 ·
196 502 272 558 latet.
309 497 507 569 Ille-quilecit,
520 497 915 556 omuinoidaccommodevit.
952 499 987 554 Si·

194 574 310 648 quidem
324 573 415 642 etqui
428 571 512 628 urben
528 571 663 637 condunt,
684 589 739 630 non
751 580 808 628 tras
822 573 872 630 vel
883 583 987 645 quatuor

195 649 293 718 domun
303 645 554 704 aedificandaooibi
565 647 679 711 ducunt,
694 645 744 704 eod
755 663 876 705 numero
885 651 984 720 maiore.
1013 682 1016 752 p

194 721 407 795 respondentem
433 721 672 778 circumferentiae
701 721 842 795 adaugent
865 723 986 782 domuum

193 797 411 854 multitudinem.

249 924 292 980 ll.
317 923 385 978 item
399 922 459 977 aino
475 919 567 976 labore
581 917 612 980 ao
627 921 823 996 defatigatione
840 930 888 978 est
905 939 985 978 eorum
1016 921 1017 928 ’

195 999 385 1062 circumactio,
406 985 526 1068 primum
539 997 636 1071 utique
644 996 680 1053 ob
690 998 901 1068 proximitatem
911 998 945 1053 ad
954 998 988 1070 di·
1019 978 1020 1034 f

193 1076 289 1133 vinam
298 1082 436 1137 naturam,
457 1088 488 1126 ac
496 1071 598 1126 deinde
608 1071 691 1126 etiam
700 1079 811 1143 propter
821 1071 902 1144 ignis
911 1075 990 1128 virtu-
1019 1052 1021 1103 Α

193 1160 264 1214 tem',
279 1166 351 1222 quac
361 1147 457 1218 nequit
466 1144 621 1211 debilitari,
636 1163 668 1202 eo
679 1145 753 1219 quod
763 1145 872 1217 optima
883 1149 991 1202 escaio
1021 1169 1023 1234 p

194 1233 296 1281 structu
309 1223 359 1288 sit,
380 1238 469 1293 neque
479 1229 601 1291 tempore
611 1220 733 1290 laeteri„
756 1221 794 1276 De
805 1237 863 1276 uon
874 1223 992 1277 erraticis
1022 1235 1024 1302 5

194 1317 259 1372 ergo
274 1299 341 1354 satis
355 1296 459 1352 dietum
474 1296 521 1350 sit.
560 1296 698 1350 Numerus
712 1303 802 1350 autem
821 1293 993 1366 planetarum
1023 1303 1024 1308 ’

193 1374 306 1446 prodest
319 1373 464 1438 unitorum
496 1387 595 1426 verum
608 1369 753 1428 hominum
766 1378 808 1425 eet
817 1370 878 1426 otio
887 1372 995 1443 praedi-

193 1457 284 1504 torum
294 1447 469 1503 dinumerare
477 1444 653 1518 singulorum
662 1445 821 1502 utilitatem.
863 1447 996 1502 llaenau-

193 1531 250 1579 tom
258 1530 322 1579 notu
331 1531 396 1579 suut
405 1538 459 1577 non
469 1520 560 1578 nolum
569 1520 683 1585 ratione,
695 1536 792 1577 verum
802 1519 893 1577 etiam
903 1539 995 1585 seusu,

193 1600 231 1653 ita
242 1595 568 1668 moventoprovidentia‚
588 1612 673 1667 quae,
694 1603 726 1649 ut
739 1594 809 1651 dicit
819 1594 998 1673 Chryqippm

192 1681 220 1727 ct
228 1670 389 1736 Cleanthes,
404 1670 477 1726 nihil
487 1672 671 1742 praetermisit
679 1670 882 1741 pertinentium
893 1672 933 1729 ad
942 1690 1000 1729 cer·

192 1748 291 1802 tiorem
300 1747 495 1816 utilioremque
505 1745 749 1817 dispensationem.
787 1743 1001 1811 Quodsialiter

192 1821 294 1882 rneliue
301 1828 374 1875 asset
384 1819 540 1890 dispensari
550 1838 594 1877 ros
604 1819 711 1884 mundi,
723 1836 755 1874 oo
764 1819 848 1875 modo
855 1824 1002 1894 sumpsis-

192 1904 234 1951 set
244 1895 482 1967 compositionem,
503 1904 640 1967 quatenus
649 1894 720 1951 nihil
730 1904 889 1953 occurreret
898 1897 938 1953 ad
949 1898 1002 1952 im·

192 1969 467 2042 pedicudumdeum.

248 2095 292 2149 75.
314 2092 344 2148 Si
355 2093 448 2167 itaque
459 2094 523 2167 quis
532 2101 653 2167 quaerat,
668 2109 718 2148 our
728 2092 834 2164 duplex
844 2092 958 2151 factum
967 2098 1003 2151 sit

193 2171 362 2233 Plaustrum,
383 2168 430 2224 Sol
445 2178 536 2225 autem
550 2170 678 2233 minime,
700 2184 732 2222 ac
745 2184 947 2243 quaecumque
962 2173 1002 2226 sic

194 2243 264 2301 facta
274 2243 488 2317 auntcxempla‚
509 2245 534 2299 io
550 2242 716 2315 supradicta
726 2242 921 2315 contemplans
932 2248 1002 2301 edo-

192 2321 313 2377 cebitur:
331 2319 441 2377 diacono
450 2317 763 2389 nimirumquodalitor
773 2318 930 2389 nequiebat
940 2338 1003 2375 me·

193 2396 249 2452 tius
263 2412 339 2459 case,
357 2411 440 2466 quam
452 2393 528 2466 quod
541 2392 657 2465 perfecit
667 2391 737 2448 deus
746 2409 855 2451 summo
863 2396 999 2457 consilio,

193 2468 340 2539 antequod
349 2481 473 2525 nostrum
481 2466 953 2541 consiliumhumeuum,ttmquam
961 2466 999 2544 [Ἴ

192 2540 321 2597 lucernae
330 2542 366 2598 ad
375 2542 605 2614 computationem
615 2541 748 2599 solarium
758 2541 917 2608 radiorum,
935 2545 1002 2599 exi-

191 2628 279 2682 guum
295 2615 388 2671 lumen
403 2624 458 2679 est.
477 2615 683 2672 obscurandum
697 2633 713 2671 a
728 2614 829 2671 diffuso
844 2617 1001 2689 splendore

191 2684 268 2738 rolin.
306 2690 402 2759 ltaque
410 2691 534 2745 Plaustra
543 2706 651 2761 temper
660 2697 768 2762 patant,
781 2698 812 2746 ut
819 2700 932 2765 praeter
940 2694 1001 2747 alia
