2050 3100
48 123 157 203 lime]
253 129 652 179 LIRDEANIMALIBUS.
803 130 850 183 tea

61 230 166 287 omnino
174 237 266 284 carent
276 230 375 285 anima.
408 231 512 287 Revera
523 240 614 289 tamen
624 250 678 289 nun
688 235 739 289 ista
751 235 850 291 dantur

61 314 87 361 et
99 306 127 359 in
137 303 286 375 praedictis
297 305 473 361 animalibus.
512 306 615 363 Cuncta
628 309 702 365 enim
715 319 850 383 peragunt

60 397 113 436 nou
121 379 235 451 provida
244 382 433 451 procuratione
443 398 475 435 ac
485 382 616 447 oonsilio,
637 382 849 439 sedseoundum

60 453 263 509 irrevocabilem
275 456 460 526 operationem
476 456 593 515 eliciunt
606 474 641 512 ex
652 458 769 529 ¹propria
784 475 849 513 cou-

60 529 203 584 structione
212 530 391 600 proprietates
400 532 548 587 naturales.
584 533 708 603 Namque
717 534 849 588 consimi-

60 604 120 659 liter
132 603 275 674 palumbes
290 603 403 677 lugiunt
416 604 554 671 vultures,
576 622 607 661 ac
617 607 689 679 pulli
697 608 794 663 timent
804 625 849 663 re·

59 677 151 749 ptilia;
170 685 197 733 et
210 678 310 733 marini
324 679 444 734 murices
457 679 524 735 dum
538 689 687 753 tanguntur
698 679 734 769 [i]
747 682 781 737 ab
796 683 849 737 ali·

58 769 125 823 quo,
148 754 277 809 tenaciter
296 754 487 825 constringunt
505 754 640 826 lapidem,
664 773 709 811 our
724 757 846 821 haerent,

57 827 132 882 velut
141 826 274 882 ambabus
281 828 410 883 manibus
417 836 539 883 tenentes
549 838 576 883 et
587 846 665 901 aegre
674 829 779 885 divulsi
789 832 847 886 vim

57 901 159 956 faciunt
170 917 219 972 pro
232 903 343 956 unione.
382 902 581 957 Deliberatioue
591 902 700 959 forsan?
722 906 845 970 Minime,

55 975 223 1031 sed‘naturea
232 976 368 1047 peculiari
375 976 495 1048 quadam
505 976 694 1049 dispositione,
706 994 777 1048 quae
788 980 848 1033 sin-

54 1050 120 1124 gula
134 1050 168 1104 ad
181 1067 251 1122 opus
263 1058 418 1123 coaptatum
430 1052 540 1106 invitat.
579 1050 760 1119 Quamobrem
771 1070 845 1117 aves.

54 1125 147 1179 statim
156 1133 186 1180 ut
200 1124 259 1179 alae
272 1126 313 1181 eis
328 1134 407 1181 natae
424 1126 493 1190 sint,
515 1126 591 1181 illico
607 1126 711 1193 volant3
735 1135 761 1181 et
775 1129 856 1181 tauri*

53 1198 182 1255 cornibus
196 1203 267 1256 natis
281 1200 357 1256 illico
371 1216 472 1256 cornua
486 1209 597 1257 movent
613 1208 640 1255 et
655 1201 847 1273 impugnantes
928 1218 929 1223 ¹

52 1282 222 1347 oppugnant.
260 1274 413 1338 Praeterea,
435 1273 510 1329 haud
526 1275 649 1331 consulto
661 1272 760 1346 (neque
773 1275 846 1339 euim

51 1350 84 1404 id
97 1348 187 1423 putes)
201 1350 309 1421 scorpio
324 1349 449 1406 attollens
463 1350 589 1405 aculeum
606 1348 744 1413 dimovet,
772 1366 803 1403 ac
821 1350 845 1409 si

50 1442 102 1496 per
112 1424 273 1480 electionem
282 1424 408 1480 statuerit
416 1423 517 1479 debere
526 1424 624 1479 ulcisci
634 1440 710 1488 eum,
731 1425 780 1495 qui
791 1426 846 1479 iam

51 1500 183 1554 iniuriam
194 1500 249 1554 sibi
260 1498 364 1555 lecerit.
399 1498 477 1555 Sicut
487 1501 570 1556 etiem
580 1515 667 1574 genus
677 1500 846 1572 serpentium

47 1575 213 1631 invadentes
222 1593 252 1643 ee
262 1576 358 1630 nititur
366 1573 490 1630 mordere
501 1575 530 1630 vi
540 1591 689 1644 venenosa3
711 1592 781 1630 enne
791 1577 846 1629 sci-

47 1667 79 1706 re
90 1652 172 1706 etiam
182 1651 281 1722 poterit
290 1665 373 1721 quem
383 1665 418 1704 ex
427 1650 526 1705 morsis
536 1647 766 1722 moricoutingatl
778 1651 846 1704 Item

47 1725 217 1798 comparatio
231 1725 322 1780 victus
333 1732 359 1779 et
371 1722 527 1780 morborum
539 1725 656 1789 curatio,
676 1733 703 1779 et
712 1725 757 1780 his
766 1725 846 1800 simiss

46 1801 101 1865 lia,
122 1801 224 1854 iterum
239 1807 351 1856 naturae
363 1806 428 1854 sunt
437 1800 609 1858 inventiones
621 1799 729 1856 innatae
740 1801 846 1854 anima·

46 1875 125 1930 libus
140 1867 279 1931 invisibili
293 1875 405 1931 virtute.
443 1875 477 1930 Et
494 1875 563 1930 haec
581 1876 672 1930 omnia
690 1870 843 1946 possident,

43 1957 77 2004 ut
91 1949 170 2004 salva
183 1965 214 2004 se
224 1956 333 2004 servent
342 1956 369 2003 et
377 1956 408 2003 ut
418 1949 561 2006 vindicent
572 1968 602 2006 se
612 1950 646 2004 ab
657 1949 842 2004 invasoribus.

104 2057 150 2108 el.
170 2054 230 2108 Non
243 2056 317 2107 enlm
330 2051 443 2108 edoctus
457 2067 520 2107 mus
535 2053 564 2108 in
578 2054 661 2108 rimas
675 2069 740 2108 suas
753 2061 845 2108 autra-
888 2065 894 2072 ·

40 2145 102 2200 que
112 2127 301 2198 immergitur,
320 2135 348 2181 et
361 2127 498 2198 quicquid
510 2127 548 2182 sit
562 2126 635 2200 frugi
645 2135 757 2182 etnatos
767 2140 841 2190 suos,

40 2211 197 2273 autequam
218 2202 417 2256 incrementum
438 2201 528 2256 sortiti
546 2201 615 2264 sint,
645 2201 719 2255 intus
743 2199 844 2256 inferre

38 2276 150 2333 studet.
189 2276 263 2332 Pulli
281 2284 372 2331 tamen
390 2275 572 2330 birundinum
591 2273 843 2346 cibumdigestum

36 2351 204 2409 retroversi
213 2349 362 2422 deponunt.
400 2351 473 2406 Num
483 2355 572 2404 certae
582 2346 726 2402 cuiusdam
738 2349 844 2404 utilita-

34 2428 79 2483 tie
95 2443 200 2482 sensus
212 2425 285 2480 alius
295 2424 349 2479 luit
360 2440 492 2495 umquam
502 2422 614 2478 animali
628 2429 674 2476 aut
682 2423 843 2478 continuum

36 2499 174 2557 studium
188 2498 317 2554 virtutis?
335 2498 378 2555 An
398 2499 433 2552 ad
448 2497 555 2568 aliquid
572 2496 621 2551 diu
636 2495 761 2551 durabile
777 2513 843 2569 ope·

35 2575 166 2633 rendum
185 2572 302 2646 provide
319 2590 350 2628 se
368 2580 521 2639 verterunt,
547 2581 580 2629 ut
597 2571 705 2644 aliquid
722 2572 842 2644 amplius

34 2651 191 2726 augmenti
199 2645 442 2706 sortianturfactal
