2050 3100
35 234 172 306 [11‚5ut.]
242 241 281 286 ΙΝ
300 240 470 290 EXODUM.
492 244 619 290 sERnto
638 245 669 290 IL
803 242 852 294 349

36 347 92 400 ris
104 350 148 397 est
158 342 242 396 nimis
254 341 289 396 ad
299 344 486 416 recipiendam
497 346 695 417 apparitionem
706 346 766 414 dei,
781 349 854 404 sicut

38 417 178 475 declarat
188 434 288 473 nomen
298 418 390 491 ipsum
400 419 479 484 Sica,
500 421 575 492 quod
589 423 619 476 in
633 422 715 477 aliam
729 422 854 497 linguam
927 468 929 472 .

38 509 222 550 conversum
236 503 314 548 sonat
331 496 550 550 inaccessum.
589 498 683 568 Itaque
701 499 854 557 inascensi-

38 569 122 624 bilis
138 575 221 638 atque
236 568 437 624 inaccessibilis
456 572 554 643 utiquc
572 580 614 627 est
632 572 746 628 divinus
764 574 850 638 locus,

39 648 90 700 ita
106 652 139 697 ut
153 659 243 714 neque
256 645 399 714 purissimi
413 646 569 702 intellectus
582 655 656 702 tanta
669 645 705 724 [¹⁵]
718 649 853 706 celsitudo

41 719 85 774 ad
101 735 170 772 eum
185 718 332 774 ascendere
345 729 440 792 queat,
463 721 512 776 sed
523 722 693 779 solummodo
703 726 853 796 appropin-

40 811 141 866 quare
150 801 282 866 satagere.

114 935 165 985 Cur
182 937 285 1000 operitur
301 954 367 987 mone
383 939 443 987 nube
459 955 501 988 scs·
519 939 579 1003 dies,
606 941 703 1005 septimo
721 950 798 990 actem

200 999 204 1010 ’
250 1002 333 1054 Moses
353 1023 443 1055 sursum
459 1013 574 1057 vocaturi
599 1009 658 1073 (itu)

109 1125 154 1178 to.
178 1124 274 1178 Parem
292 1129 451 1190 numerum,
477 1144 528 1182 sex
546 1126 690 1190 videlicet,
718 1127 853 1198 impertiit

42 1210 110 1254 tam
120 1197 220 1253 mundi
230 1201 375 1265 creationi,
396 1217 479 1272 quam
489 1202 627 1257 theoricae
637 1200 727 1275 gentis
740 1201 853 1255 electio-

43 1277 90 1338 ni,
104 1273 203 1329 volens
213 1275 356 1330 ostendere
365 1277 518 1348 imprimis,
529 1278 604 1348 quod
613 1279 672 1349 ipse
682 1275 852 1331 otmundum

43 1350 120 1404 fecit
129 1357 157 1403 et
166 1359 277 1422 gentem
287 1351 389 1406 virtute
399 1353 524 1408 electam.
554 1351 682 1421 Secundo
692 1367 771 1414 vero,
785 1350 853 1421 quia

44 1424 853 1498 vultgentemitaordinatamadornatamque,sicutuniver-

47 1515 118 1555 sum
129 1499 277 1556 mundum:
298 1509 329 1557 ut
338 1503 444 1575 quippe
453 1504 531 1559 iuxta
540 1503 852 1575 haecetpariterpraese

47 1575 124 1630 serat
133 1575 259 1631 ordinem
269 1579 476 1633 convenientiae
486 1579 639 1635 secundum
649 1587 752 1633 rectam
762 1578 852 1651 legem

47 1668 83 1705 ac
95 1668 221 1705 normam
234 1652 429 1718 immutabilis,
457 1654 509 1709 loci
524 1655 644 1727 expertis
659 1662 686 1709 et
699 1654 851 1709 immobilis

46 1726 99 1780 dei
109 1733 233 1781 naturae.
263 1727 372 1782 Sursum
383 1738 474 1783 autem
483 1736 584 1784 cccotto
592 1730 741 1802 prophetae
751 1746 852 1784 secun-

48 1802 87 1855 da
104 1808 148 1855 est
162 1802 291 1857 nativitas
301 1801 371 1875 (sivc
380 1805 560 1877 regeneratio)
569 1806 660 1877 priore
670 1804 780 1859 melior:
802 1805 851 1860 illa

46 1877 130 1931 enim
146 1877 291 1933 commixta
305 1894 354 1949 per
365 1896 474 1934 carnem
488 1889 516 1934 et
526 1880 719 1952 corruptibiles
732 1880 851 1935 habebat

47 1958 195 2023 parentcs;
217 1953 270 2007 ista
287 1970 351 2008 vero
370 1956 549 2009 incommixta
568 1956 742 2027 simplexque
760 1956 852 2010 anima

47 2026 217 2098 principalis
231 2026 285 2100 (vel
300 2028 414 2099 spiritus
429 2030 587 2103 principis),
612 2039 715 2085 mutata
730 2048 744 2084 a
759 2032 852 2103 genita

48 2100 87 2156 ad
97 2102 265 2174 ingenitam,
287 2104 367 2158 cuius
377 2122 430 2159 non
447 2114 488 2159 est
497 2114 596 2170 mater,
618 2106 666 2160 sed
677 2106 848 2177 poteramus,

48 2179 102 2249 qui
113 2186 141 2231 et
151 2177 354 2233 universorum.
383 2179 565 2245 Quamobrem
576 2189 603 2235 et
612 2198 723 2235 sursum
733 2182 848 2242 vocatio,

50 2254 113 2306 sive
133 2260 165 2306 ut
185 2251 322 2318 diximus,
348 2255 443 2310 divina
462 2257 591 2311 nativitas
610 2256 726 2328 contigit
745 2257 771 2309 ei
791 2256 850 2309 fieri

49 2326 207 2382 secundum
221 2336 344 2384 naturam
354 2332 502 2402 septenarii
516 2348 624 2401 semper
637 2331 764 2403 virginis.
803 2330 851 2384 Se-

47 2408 148 2471 ptimus
158 2404 232 2457 enim
244 2414 355 2461 vocatur
365 2405 439 2471 dics,
459 2407 511 2461 hoc
521 2405 649 2471 differens
660 2424 674 2459 a
684 2404 850 2476 protoplasta

49 2479 204 2551 terrigena,
228 2479 295 2551 quia
309 2480 356 2535 ille
372 2480 407 2536 de
421 2489 532 2537 terrast
547 2498 601 2543 uua
617 2497 680 2534 cum
694 2495 806 2548 corpore
821 2478 850 2530 in

50 2554 244 2617 exsistentiam
259 2555 399 2621 veniebat,
425 2557 450 2611 is
464 2565 556 2622 autem
570 2573 606 2611 ex
623 2555 731 2610 aethere
749 2560 776 2605 et
789 2552 850 2604 sine

51 2646 175 2701 corpore.
199 2628 288 2695 Quare
297 2633 448 2705 terrigenae
459 2649 590 2686 numerus
600 2627 744 2683 familiaris
755 2625 851 2680 distri-

51 2703 136 2758 butus
147 2702 200 2758 fuit
209 2710 377 2771 scaccorum,
398 2706 579 2779 heterogenac
589 2720 654 2760 vcro
663 2703 788 2773 superior
801 2718 850 2755 na-

51 2788 112 2833 tura
122 2786 272 2847 septenarii.
