2050 3100
177 160 225 213 l'll
289 164 390 210 PHIL.
409 163 487 209 [UD.
509 160 673 218 QUAEST.
691 161 740 207 ET
760 161 838 207 SOL.
859 156 981 226 [11,tot.]

176 275 244 321 otcte
258 268 323 319 bono
344 263 414 335 legis
433 270 516 332 atque
534 261 686 315 sententiae
700 260 815 317 historia
833 271 875 317 est
895 280 980 335 quam

175 339 267 402 utilis,
288 339 468 409 inquantum
481 336 563 391 omne
575 352 655 390 teneor
672 337 776 391 virtute
793 336 903 407 pollens
919 340 980 395 iure

175 414 288 468 dicitur.
327 413 416 466 liuius
426 412 501 465 enim
511 418 607 465 omnes
618 412 714 466 aetatis
725 410 915 469 dimensiones
929 413 981 469 bo-

175 505 227 543 nae
236 495 301 541 sunt
311 494 338 541 ct
347 485 483 557 optabiles
492 486 691 558 vigentesque,
712 486 802 558 magis
816 502 901 558 quam
912 489 981 543 tiro-

175 565 219 617 nis
230 560 460 633 contemptibilis,
482 562 511 614 in
527 576 583 632 quo
598 560 689 615 adhuc
701 570 830 616 crescunt
839 562 981 633 cupidita-

176 648 217 692 tes
227 638 359 708 corporis.
398 634 535 701 Quoniam
547 637 577 689 in
588 643 675 690 aetate
684 635 800 691 tironica
810 635 922 693 nullum
933 637 981 693 hic

175 712 286 767 iuvenis
305 726 357 766 nec
374 711 477 766 vitium
494 726 548 767 nec
566 710 682 765 verbum
696 726 787 781 neque
800 726 871 781 opus
890 712 981 769 voluit

175 787 231 842 sibi
245 785 404 858 permittere
418 793 446 840 et
459 785 630 857 praeeligere
647 786 747 849 vitam,
768 802 860 856 neque
878 788 924 844 vir
939 787 980 843 la-

175 869 236 917 ctus
246 860 369 932 pueriles
379 876 489 932 semper
497 860 539 932 (ut
549 859 744 933 aliilexcitavit
755 860 980 917 conturbationes

174 938 306 1007 rixasque
316 944 344 991 et
354 937 554 991 contentiones:
576 932 814 991 hinciortitudine
824 936 903 995 virili
916 954 980 992 mu-

174 1012 250 1067 nitue
264 1011 294 1065 in
309 1010 402 1066 medio
420 1025 553 1065 consessu
572 1022 685 1065 suarum
697 1010 833 1066 virtutum
850 1010 979 1067 assidens

174 1102 261 1141 senex
270 1087 300 1140 in
310 1084 446 1159 dignitate
455 1084 664 1141 constituendus
674 1085 720 1139 sit.
758 1085 980 1159 Nonergonunc

174 1162 297 1231 primum
321 1161 412 1233 coepit
434 1160 576 1215 modestus
599 1177 660 1214 esse
684 1176 716 1214 ae
739 1166 860 1215 mentem
882 1176 979 1215 sanam

174 1244 328 1307 praestare,
357 1235 538 1307 quandoper
556 1236 670 1307 longum
689 1241 799 1304 tempus
818 1232 933 1291 defuere
953 1246 980 1289 et

175 1311 270 1366 abiere
283 1311 352 1371 vitia
372 1309 556 1373 senescentia,
582 1309 632 1364 sed
649 1309 716 1379 quia
733 1309 832 1379 capitis
847 1309 936 1365 instar
951 1310 978 1364 in

175 1385 269 1458 effigie
287 1385 429 1456 adaptavit
448 1386 581 1456 pristinae
601 1398 668 1438 suae
687 1384 761 1438 vitae
780 1384 914 1459 optimam
934 1383 979 1439 di-

174 1461 394 1530 gnissimamque
418 1458 530 1523 faciem,
568 1473 652 1529 quam
677 1458 752 1511 oculi
774 1459 896 1529 corporis
923 1475 979 1515 non

174 1532 285 1596 vident,
307 1532 411 1587 nitidae
425 1541 517 1588 tamen
536 1551 567 1588 ac
585 1532 719 1604 limpidae
738 1532 846 1588 animae
864 1531 979 1590 edoctae
1018 1563 1019 1568 κ

174 1615 239 1661 sunt
250 1607 283 1661 ad
294 1607 457 1663 videndum.

229 1711 372 1766 Caeterum
391 1709 473 1766 valde
491 1709 710 1765 additamentum
728 1726 839 1782 quoque
857 1723 910 1784 ego
924 1713 980 1766 mi-

174 1802 232 1847 ror,
254 1785 320 1856 quia
331 1789 438 1853 plenum
450 1790 551 1840 dierum
564 1783 636 1840 dixit
655 1802 733 1850 eum,
755 1794 897 1856 tamquam
912 1803 980 1842 con-

174 1859 272 1914 fertam
291 1866 445 1914 monstrans
465 1859 520 1913 viri
538 1858 605 1913 honi
628 1860 729 1928 vitam,
759 1860 869 1922 nullum
891 1862 980 1917 relin-

174 1942 276 2003 quente
297 1942 374 2004 patre
392 1934 477 1991 situm
496 1950 616 1988 vacuum
637 1933 665 1988 in
685 1943 776 1989 mente
797 1935 858 1990 eius
878 1937 925 1992 vel
950 1937 979 1991 in

174 2006 267 2078 aliqua
276 2015 354 2078 parte
365 2008 399 2062 ad
410 2008 567 2082 ingressum
578 2008 654 2062 mali.
675 2010 735 2064 Non
745 2011 820 2064 enim
830 2027 977 2077 annorum,

173 2080 223 2136 sed
237 2086 337 2136 dierum
348 2085 455 2150 plenum
471 2083 544 2138 dixit
563 2083 704 2139 hominem
723 2083 839 2150 bonum¹
866 2101 979 2158 semper

174 2155 244 2211 bene
263 2158 392 2212 transacti
412 2159 544 2230 temporis
563 2159 647 2230 spatii
664 2158 856 2215 distinctiones
871 2175 979 2232 suppo·

173 2247 242 2284 nens
252 2231 306 2285 suh
317 2231 413 2287 divino
424 2233 539 2288 lumine.
574 2233 636 2288 Alio
647 2234 748 2288 iterum
758 2233 840 2288 modo
849 2235 977 2308 singulos

173 2304 233 2359 dies
244 2304 373 2362 distinxit
382 2316 413 2362 ut
422 2309 574 2381 condignos
585 2307 677 2364 studio
688 2317 770 2380 atque
784 2306 915 2382 diligenti
928 2326 978 2364 cu-

172 2397 216 2444 ra,
237 2388 378 2452 tamquam
394 2379 431 2458 [*]
446 2383 582 2456 obligatio
600 2399 745 2438 causarum
763 2383 838 2455 apud
853 2383 976 2440 rhetores

173 2463 200 2509 et
210 2456 357 2520 iuridicos‚
378 2459 483 2514 ratione
497 2459 524 2512 ei
539 2456 593 2529 (vel
608 2457 659 2528 eis)
673 2474 802 2513 concessa
813 2459 884 2532 legis
896 2469 976 2514 natu·

173 2547 233 2593 rae,
254 2546 373 2601 quorum
386 2533 580 2602 unusquisque
594 2529 629 2584 de
644 2531 690 2586 die
709 2533 739 2586 in
754 2530 842 2596 diem,
865 2551 881 2588 a
896 2550 975 2589 mane

172 2619 262 2726 Reque
272 2605 307 2659 ad
311 2614 438 2733 snoctem,
458 2615 485 2660 et
497 2604 533 2659 de
543 2620 659 2674 vespero
669 2622 759 2677 usque
769 2606 803 2662 ad
813 2625 910 2673 mane,
931 2617 976 2664 aut

194 2679 244 2730 ixit
254 2688 301 2734 aut
323 2681 386 2734 ecit.
