2050 3100
88 275 131 340 [IL
146 271 207 336 tlt]
268 277 308 322 ΙΝ
328 276 501 322 GENESIN.
526 277 654 326 SERMO
672 276 715 322 IV.
843 272 892 324 293

87 377 161 433 nulli
176 377 227 432 uni
242 375 295 432 soli
310 377 495 448 complacent,
517 375 706 448 imperfectam
722 393 754 431 ao
767 393 893 432 mancam

86 450 265 508 ostendentes
275 452 419 514 virtutem.
431 451 559 506 nonnulli
569 468 635 506 vero
646 467 697 506 net
706 452 756 506 uni
765 452 890 523 quidem,

86 526 193 597 quibus
218 525 360 598 legislator
381 527 528 596 increpans
550 525 672 580 minatus
695 534 738 581 est
765 535 891 582 mortem.

85 599 167 656 Unde
181 608 270 673 patet,
290 599 365 671 quod
378 601 464 654 vitam
475 607 502 654 et
510 600 743 655 immortalitatem
751 617 892 672 praenun-

85 675 174 730 ciavit
182 675 234 739 eis,
246 676 296 746 qui
304 692 400 730 sanam
409 674 577 747 plenamque
586 683 613 730 et
620 673 772 747 perfectam
780 677 892 747 utrique

84 751 195 820 parenti
209 757 347 820 praestant
359 750 500 822 pietatem.
541 751 611 803 Tum
625 751 708 803 etiam
722 748 757 804 ad
770 760 891 805 mentem

85 823 241 897 symbolice
251 823 347 879 itidem
358 823 440 879 laude
453 822 608 879 celebratur
622 823 784 896 religiosus,
803 842 891 896 quum

84 898 197 954 indoles
216 899 324 954 animae
343 915 409 953 suae
429 897 545 953 honorat
565 898 721 969 prinoipem
744 900 887 962 rationem,

83 974 175 1044 patris
189 973 320 1048 viptutem
335 973 482 1028 habentem
497 981 525 1026 et
537 971 750 1044 intelligentiam
762 973 890 1045 discipli-

84 1065 153 1112 nae,
167 1053 243 1120 quae
252 1047 414 1120 dignitatem
424 1045 544 1118 praefert
553 1048 664 1109 matris,
680 1063 752 1117 quae
762 1049 849 1103 nutrit
863 1057 890 1103 et

83 1128 164 1177 curat
175 1122 333 1196 diligenter.
426 1187 432 1204 ἱ

86 1210 156 1268 Quid
175 1221 212 1262 eat
232 1211 344 1276 „Videas
364 1213 445 1277 Esou,
474 1213 541 1277 qood
560 1213 638 1262 molae
659 1211 801 1261 videbantur
816 1212 889 1273 filiae

157 1277 354 1333 chananaeorum
376 1297 456 1330 coram
473 1281 548 1330 Isaac
564 1280 635 1344 patei
649 1295 704 1339 suo,
730 1279 773 1328 init
790 1288 813 1327 et
829 1295 889 1326 aum·

149 1348 201 1411 psit
217 1346 336 1412 May'eletlt
347 1348 428 1410 filiam
446 1347 537 1396 Ismnel
548 1347 602 1409 filit
621 1345 758 1407 Adrolatn,
785 1362 889 1394 sororem

152 1411 275 1478 Natsom,
289 1432 363 1480 supra
377 1432 418 1465 eos
432 1431 518 1464 osores
526 1415 617 1464 suasio
625 1415 757 1462 uxorem“i
767 1414 821 1477 (28,
832 1414 888 1470 8s.)

141 1483 202 1538 tlt.
228 1483 278 1537 llio
292 1499 402 1555 quoque
415 1484 538 1538 cernitur
552 1491 608 1538 tam
623 1481 781 1545 anterioris,
804 1497 888 1552 quam

80 1623 152 1687 bus,
183 1622 297 1693 quidam
321 1632 412 1679 autem
434 1623 529 1697 (mary.
550 1625 634 1698 enim)
659 1624 841 1695 semiplenam
861 1632 888 1677 et

81 1714 211 1751 mancam
221 1698 353 1754 exhibent
363 1698 538 1755 devotionem
548 1700 644 1765 malis,
659 1716 710 1755 nec
723 1702 814 1770 ipsam
822 1699 888 1769 qui·

81 1772 138 1826 bus
161 1772 301 1845 legislator
320 1774 515 1829 interminatur
532 1783 658 1829 mortem.
698 1774 766 1829 Inde
790 1774 887 1828 merito

82 1853 192 1901 certum
218 1856 272 1911 est,
304 1849 391 1903 vitam
415 1857 443 1903 et
463 1848 697 1904 immortalitatem
720 1848 885 1921 praedicari,

84 1922 138 1993 qui
150 1928 223 1977 recto
233 1922 314 1977 corde
328 1932 355 1979 et
368 1924 476 1996 integra
489 1930 580 1979 mente
593 1933 774 1996 utrorumque
787 1940 888 1994 paren-

81 2006 145 2050 tum
159 1997 291 2068 pietatem
305 1998 472 2069 suscipiunt.
511 1998 563 2053 Pro
582 1999 725 2054 intellectu
739 2009 831 2055 tamen
846 1998 888 2051 al-

81 2073 141 2125 tius
165 2072 354 2143 speculantes,
390 2073 569 2128 aestimamus
593 2073 668 2128 buno
691 2075 805 2129 titulum
826 2090 888 2127 esse

81 2142 255 2200 laudabilem
269 2163 333 2201 oum
346 2146 464 2202 studiosi
482 2147 616 2202 sobrietas
634 2148 759 2204 moribus
777 2148 886 2221 synceri

79 2219 187 2291 pastori
198 2218 292 2291 (marp.
304 2220 432 2295 pectoris)
442 2230 568 2288 ornatur,
590 2230 617 2277 et
628 2223 713 2278 ver-bo
723 2222 887 2295 praedican-

79 2295 118 2349 tis
134 2292 223 2350 defert
237 2310 287 2366 pro
301 2305 414 2367 patema
431 2296 549 2360 virtute,
574 2305 601 2351 et
615 2296 828 2369 disciplinarum
842 2295 887 2350 di-

80 2368 197 2441 gnitati,
217 2368 314 2425 fauens
324 2388 374 2445 pro
383 2380 505 2427 materna
516 2387 626 2442 quoque
636 2373 796 2435 clementia,
815 2386 887 2440 quae

80 2444 170 2499 nutrit
180 2451 207 2499 et
217 2444 321 2517 diligit.

84 2526 152 2587 Quid
167 2538 203 2580 est
219 2528 336 2593 „Videas
352 2528 424 2580 Esau
433 2529 505 2591 filiae
525 2527 656 2591 Olooson,
686 2526 752 2592 quod
766 2524 887 2587 moliqnae

150 2597 176 2646 in
196 2607 322 2661 conspectu
343 2596 416 2647 Isaoe
434 2596 526 2661 pata-tis,
550 2596 658 2659 perrexit
679 2594 715 2643 ad
729 2591 884 2652 Ismahelem,

150 2662 370 2779 oeeepit‘ffeloltol
383 2680 487 2714 sororem
503 2660 619 2713 Nabeotlt
638 2677 709 2724 suaper
728 2673 814 2708 uxores
829 2673 887 2706 suaa

149 2747 247 2781 uxorem

138 2800 199 2854 245.
233 2798 406 2871 Perpendere
426 2798 520 2854 statim
539 2803 688 2850 monemur·
704 2789 886 2846 differentiam
