2050 3100
164 136 210 189 lffl
306 140 401 183 PHIL.
415 138 489 183 IUD.
506 136 666 193 QUAEST.
680 136 731 181 ET
748 138 826 183 SOL.
847 132 891 198 [ll,
905 134 969 199 att]

161 242 198 294 tia
210 240 242 311 (s.
254 238 436 311 sapientiam),
449 237 527 291 alteri
537 253 647 308 quoque
656 236 736 291 dare:
751 237 821 291 livor
830 240 909 293 enim
920 240 968 291 in-

162 314 254 368 vidiae
264 330 317 367 non
329 312 457 367 adhaeret
467 314 496 365 in
507 313 630 367 animam
638 311 684 366 dei
695 320 840 366 amantem.
869 314 966 369 Domi-

162 406 223 442 nam
240 386 330 442 autem
348 387 493 458 app·ellat‚'
506 401 561 441 non
576 388 606 440 in
620 399 725 441 vanam·
733 387 887 457 respiciens
900 388 966 459 glo-

162 462 230 517 riam
241 462 419 517 servitutiset
429 462 573 525 libertatis,
585 461 636 515 sed
645 460 680 515 ed
689 461 848 532 recipientis
858 462 964 517 volun-

161 539 224 591 tatis
239 535 274 611 [³¹⁶]
286 536 545 607 promptitudinem:
561 552 622 589 non
636 536 712 589 onim
722 535 861 590 doctrinae
872 534 964 590 disci·

161 612 309 683 plinaeqne
318 610 412 665 odium
423 610 488 674 lert,
506 610 556 665 scd
570 610 765 665 admonitionis
780 611 963 682 atqueintel-

162 686 305 759 ligentiac,
318 700 388 757 quoe
398 686 510 740 domins
516 695 574 749 est,
589 685 740 757 diligenter
746 684 852 748 studet,
868 698 962 755 quon-

161 760 632 834 iamproptcrverahonaelaborat.
729 780 733 786 ·
910 784 914 787 -

208 908 290 967 Quinte
303 910 431 975 festinavit
448 908 564 1024 deponet?
581 908 690 1040 &elpram
707 924 778 972 ceper
796 906 918 959 nochum

473 994 540 1027 mum
592 994 602 1025 1
620 1012 626 1025 .

217 1082 274 1133 tot.
300 1080 355 1133 lloo
374 1096 437 1135 cum
452 1077 628 1133 antecedente
642 1076 780 1149 congruit3
807 1075 868 1128 vult
881 1075 958 1127 enim

161 1154 362 1227 reprehendere
372 1153 554 1226 sophisticum
565 1170 680 1215 morem,
700 1160 727 1205 et
737 1149 849 1204 laudere
859 1165 957 1203 verum

160 1236 186 1283 et
196 1231 348 1302 genuinum
359 1230 509 1301 sapientiae
520 1228 662 1299 cupidum.
681 1224 827 1296 Siquidem
836 1223 894 1287 ille,
908 1224 956 1293 qui

159 1305 252 1358 verbis
262 1307 412 1359 instructus
423 1312 464 1359 est
473 1304 740 1373 edoctusqueunum
753 1307 815 1371 post
828 1299 954 1361 alterum,

159 1380 208 1430 uni
224 1379 331 1431 animae
345 1378 430 1441 iavet,
452 1395 482 1431 se
492 1378 585 1448 ipsum
595 1376 739 1431 erudiens:
761 1376 824 1428 aliis
835 1388 957 1427 verooc-

160 1451 334 1504 currentibus
354 1450 458 1503 nullam
477 1450 530 1504 fert
543 1452 703 1513 utilitatem,
725 1450 791 1520 quio
805 1448 841 1503 ob
855 1448 956 1501 celcri-

159 1531 241 1578 tatem
260 1541 359 1578 vocum
381 1542 441 1580 sese
466 1526 636 1582 continenter
659 1524 858 1596 excipientium
880 1523 954 1577 hand

159 1599 298 1652 introeunt
309 1597 382 1652 diota
392 1600 421 1652 in
431 1616 524 1663 aures,
539 1601 588 1654 sed
598 1601 656 1655 lere
666 1610 743 1655 extra
751 1598 953 1654 diffunduntur.

158 1672 189 1726 Id
205 1672 309 1726 iaciunt
323 1672 366 1726 illi
381 1690 504 1744 quoque,
524 1677 573 1745 qui
591 1677 620 1729 in
630 1676 762 1749 ‘hydriam
775 1675 831 1728 oris
845 1675 955 1745 angusti

158 1745 354 1802 transfundunt
362 1749 486 1818 protinus
498 1765 597 1819 aquam
611 1760 657 1804 ant
672 1752 783 1816 vinum;
805 1749 870 1819 plus
879 1750 954 1802 enim
1006 1796 1007 1803 ,

159 1819 335 1885 diffunditur,
362 1838 444 1892 quam
458 1823 532 1877 intus
550 1824 708 1878 dimittitur.
751 1823 804 1890 Qui
821 1839 886 1877 vero
903 1825 955 1877 rite

158 1895 381 1966 philosophatur,
407 1899 558 1968 aequaliter
572 1906 599 1953 et
613 1899 782 1961 humaniter,
807 1899 955 1952 utilitatem
1006 1940 1007 1953 n

159 1987 194 2023 ex
209 1969 293 2023 verbo
312 1969 389 2035 facit,
414 1972 552 2027 inclinans
570 1991 600 2026 se
615 1982 642 2027 et
656 1973 858 2028 conniventiam
873 1988 956 2026 usur-

157 2061 227 2114 pans
243 2043 277 2098 ad
292 2045 424 2100 auditoris
434 2049 561 2119 genium3
593 2065 712 2119 namque
722 2065 776 2102 non
786 2046 858 2101 sicut
866 2056 955 2118 potest

159 2117 256 2172 docere
270 2121 413 2192 magister,
429 2122 471 2176 sic
484 2123 568 2176 etiam
582 2122 739 2194 discipulus
753 2121 860 2176 discere
869 2122 952 2184 valet,

158 2209 245 2264 quum
256 2193 303 2247 ille
314 2195 451 2266 perlectus
461 2198 506 2262 sit,
519 2198 571 2251 iste
583 2215 648 2252 vero
658 2196 845 2269 imperfectus.
865 2194 956 2261 Quare

158 2275 262 2338 oportet
274 2267 419 2325 observare
434 2279 460 2326 et
475 2272 626 2344 ponderare
641 2271 798 2326 facultatem
813 2271 888 2334 eius,
905 2272 954 2341 qui

157 2341 312 2397 instruitur.

211 2480 276 2539 Quid
292 2493 326 2533 cst
353 2483 471 2546 „Potavit
492 2502 555 2546 eum,
581 2485 663 2547 quoad
678 2500 751 2547 usqne
771 2486 871 2534 cessavit
888 2501 905 2532 o
1006 2538 1007 2541 Ἴ

445 2552 582 2601 utineam
608 2553 667 2615 (u.)

217 2653 274 2704 105.
293 2650 524 2723 Complacentiam
534 2650 765 2722 dilectionemque
776 2655 900 2726 magistri
912 2672 954 2708 er-
