2050 3100
7 1013 15 1134 l

76 159 192 227 turri]
256 165 296 209 ru
317 130 643 210 uenustusnnno
661 166 705 211 m.
850 166 883 216 39

74 286 224 333 etmrsum
234 278 310 332 bene
318 277 526 333 distribuuntur
536 285 563 332 et
573 277 770 335 discernuntur
777 284 881 339 omnia.

73 356 160 409 liuius
170 352 321 426 prototypi
328 344 447 407 idederis
458 351 546 407 lorma
555 352 883 430 estabideisetineorpo-

71 430 122 483 reis
133 430 284 483 mensuris
296 427 436 499 rebusque
446 434 601 499 compacta,
624 429 729 500 quibus
743 430 882 501 perlectus

71 502 333 558 initlricmundus.
359 504 457 557 Nonne
466 518 532 574 erge
541 503 722 559 cumulusest
732 505 882 563 beneficio·

69 594 140 641 rum,
154 595 234 649 quae
246 576 374 631 coneedit
379 576 504 648 Sapienti
515 584 601 648 pater,
614 578 733 633 educere
744 596 807 635 eum
815 598 882 637 ese·

66 662 143 707 ctum
149 651 880 727 nonsclummododeterraineaelum,nequetantnm

68 728 100 781 de
108 729 194 783 caelo
205 726 245 781 ad
256 727 449 797 incorporeum
459 726 723 799 intelligibilemque
733 729 878 796 mundum,

67 820 168 857 rernm
180 803 270 857 etiam
281 801 348 855 binc
358 801 393 855 ad
403 816 433 856 se
444 802 538 872 ipsum
549 801 716 875 (attrahere),
731 805 880 860 ostendens

65 894 94 931 ee
104 880 144 942 ei,
158 895 218 933 non
230 878 305 930 sicut
315 877 345 931 in
355 892 385 930 se
394 885 444 940 est,
460 875 490 930 id
501 876 575 929 enim
586 876 645 931 lieri
654 894 709 932 non
718 888 817 950 potest,
829 881 880 935 sed

66 954 252 1025 inquantum
262 952 342 1006 visus
357 951 478 1005 videntis
493 952 584 1022 ipsam
598 952 729 1007 virtutem
743 955 880 1027 intelligi-

66 1026 156 1083 bilem
180 1026 299 1097 assequi
314 1024 431 1097 poterit‘?
459 1027 608 1098 Propterea·
618 1027 700 1091 dicit,
722 1044 776 1082 non
791 1030 876 1084 ultra:

66 1101 113 1157 Sis
129 1104 226 1165 lilius,
249 1099 301 1155 sed
313 1110 404 1169 palem
438 1109 517 1172 pater
531 1109 622 1170 autem
642 1118 696 1155 non
711 1104 809 1167 unius,
829 1105 880 1158 sed

65 1182 267 1243 multitudiuis5
288 1174 476 1230 multitudinis
487 1184 578 1230 autem
589 1192 644 1229 non
653 1175 807 1230 secundum
816 1194 881 1247 par-

6 1278 8 1312 ÷
64 1260 122 1317 tes,
146 1251 201 1307 sed
214 1255 399 1305 uniuersorum
413 1255 536 1319 pontium.
575 1250 618 1304 Ex
632 1249 777 1319 promissis
788 1251 881 1322 itaque

68 1324 106 1401 Γ]
120 1326 259 1383 revelatis
268 1324 326 1383 dno
337 1325 483 1381 litteralem
492 1324 596 1382 babent
605 1324 754 1388 rationem,
769 1326 881 1382 tertium

66 1419 135 1457 veru
155 1400 317 1460 naturalem
336 1401 437 1472 magis.
478 1400 645 1456 Litterarum
665 1416 720 1453 uua
738 1399 803 1459 talis
822 1410 877 1460 eatr

65 1476 198 1533 Proiecto
213 1476 269 1530 eris
284 1482 362 1545 pater
375 1476 501 1547 gentium
515 1484 544 1530 et
556 1483 655 1547 gentes
666 1475 826 1547 generabis,
849 1477 879 1532 id

67 1563 111 1608 est
125 1551 329 1623 unusquisque
348 1546 470 1606 liliorum
489 1560 600 1606 tuorum
617 1552 655 1606 sit
673 1559 757 1622 caput
774 1554 877 1624 gentis.
929 1570 934 1579 “

66 1627 165 1684 Altera
186 1642 254 1685 vero
272 1625 448 1682 huiusmodi:
480 1626 567 1680 Patris
581 1643 655 1682 more
670 1626 795 1697 plurium
810 1645 880 1699 gen·

69 1703 142 1758 tium
157 1702 383 1774 procurationem
397 1708 424 1756 et
437 1701 656 1772 praeposituram
670 1701 785 1768 induas3
810 1702 880 1756 solet

70 1778 150 1832 enim
164 1777 211 1832 dei
226 1783 330 1832 amator
344 1776 422 1832 illico
436 1784 464 1830 et
478 1775 622 1832 hominnm
631 1784 734 1832 amator
743 1792 820 1840 asse,
842 1775 879 1830 ita

71 1861 103 1906 ut
118 1869 175 1906 non
190 1851 282 1908 solum
297 1851 435 1924 cognatis,
457 1866 555 1906 verum
568 1852 653 1910 etiam
662 1851 802 1907 universis
812 1851 879 1906 dili-

71 1935 172 1998 genter
189 1943 285 1982 ouram
306 1925 450 1989 adhibeat,
476 1926 596 1980 maxime
615 1927 674 1980 illis
694 1927 745 1995 qui
763 1934 879 1995 possunt

72 2001 256 2072 disciplinam
266 2001 425 2062 &ationis
441 2001 582 2071 excipere,
603 2001 710 2070 quique
725 2016 779 2054 nun
794 2001 879 2055 inhu-

72 2093 174 2134 manae
184 2076 389 2135 acduraesunt
398 2074 518 2138 indolis,
533 2074 582 2130 sed
594 2074 677 2130 iacile
685 2073 810 2130 cedentis
820 2076 879 2129 vir·

74 2153 126 2206 tuti
137 2150 411 2223 obtemperantieque
423 2159 513 2206 rectae
527 2150 637 2206 rationi.
676 2149 799 2204 Tertium
813 2166 879 2205 vero

75 2226 127 2282 rub
138 2233 274 2297 aequente
283 2225 415 2298 allegoria
425 2225 527 2296 exponi
538 2225 612 2280 licet.
650 2223 799 2280 Multitudo
845 2242 880 2278 n·

77 2301 147 2357 dum
161 2309 204 2356 cst
217 2301 296 2356 velut
310 2301 339 2357 in
353 2300 474 2372 singulis
489 2299 591 2359 uostris
606 2298 708 2355 animis
726 2239 879 2354 multifera

78 2374 221 2430 inclinatio
235 2373 399 2439 voluntatis,
420 2383 479 2434 trun
494 2391 528 2428 ea
541 2389 626 2444 quam
640 2373 675 2428 de
689 2389 720 2427 se
734 2374 880 2430 consuevit

78 2447 195 2521 lingere,
211 2457 271 2504 tum
281 2447 372 2522 (aliae)
381 2465 449 2520 quas
460 2465 509 2519 per
519 2465 619 2505 sensus
628 2448 824 2519 imaginatione
835 2448 880 2501 in-

78 2523 259 2580 termedinnte
283 2523 318 2578 ab
342 2533 418 2582 extra
442 2524 518 2578 intus
541 2523 724 2593 surripientes
747 2521 878 2598 admittit.

79 2596 203 2663 Quarum
221 2599 345 2658 omnium
367 2599 392 2653 si
415 2597 556 2669 possideat
577 2597 766 2668 principatum
788 2611 877 2657 mens,

81 2680 222 2744 tamquam
233 2675 386 2731 eommunis
396 2682 473 2746 pater
483 2672 619 2728 convertit
629 2669 665 2724 ad
673 2667 795 2730 meliora,
810 2683 881 2737 pue-
