2050 3100
172 173 202 227 tt
397 177 583 224 rariorem
599 177 739 224 sunam
895 171 928 237 [1‚
939 173 977 239 a]

169 287 287 347 mentun,
302 278 366 334 illos
376 280 454 334 iuvat
462 295 516 333 non
527 277 723 333 demonstratio
733 295 768 334 ex
777 277 977 334 velaminibus

169 355 327 425 desumpta,
351 353 402 408 sed
419 353 653 426 comprehensim·
665 369 737 424 quae
755 370 805 424 per
822 354 978 410 sensibilia

169 437 352 500 comparatur.
390 427 512 494 Quorum
527 445 576 484 nos
590 427 725 483 debemus
736 428 913 500 praeiudicia
924 447 979 484 cu-

169 521 229 559 rare
238 519 293 558 non
303 502 398 556 verbis
406 511 513 557 tantum
524 503 710 566 contentiosis,
722 519 820 558 verum
830 505 921 558 etiam
926 523 979 576 per

170 577 417 633 manifestationem
425 579 518 653 risus,
533 579 716 651 ignorantiam
726 577 763 637 td
771 587 885 650 captum
897 582 979 634 veri-

169 655 231 708 tatis
242 652 296 707 fide
306 652 407 724 dignae
418 652 582 708 conducero.
605 719 607 724 Ι
669 655 674 666 ”

119 799 126 810 ·
225 780 252 832 6.
271 777 341 832 llam
354 760 438 849 saepe
453 777 497 842 lit,
517 780 607 850 utqui
617 741 936 852 perfunctorievagatur
946 780 977 832 in

168 852 373 917 observatione,
389 852 512 925 putatah
522 855 641 910 aeternis
651 855 731 908 annis
741 853 863 927 reinitio
873 869 977 908 caren-

106 965 109 972 -
168 927 244 983 tibus
254 944 314 982 esse
325 929 522 988 acconstitisse
532 929 607 986 hunc
617 928 762 992 mundum,
773 928 810 982 ita
820 935 852 981 ut
860 927 978 984 nullum

168 1003 314 1058 creationis
327 1004 498 1075 principium
511 1003 554 1058 illi
568 1003 667 1066 fuerit,
685 997 735 1058 s'ed
748 1005 915 1074 perpetuam
926 1021 976 1057 ex-

169 1079 322 1133 sistentiam
345 1078 474 1134 habuerit
494 1087 524 1146 ‘et
550 1079 708 1133 nullatenus
731 1077 848 1133 dissolvi
869 1080 975 1148 possit.

168 1151 259 1220 Quum
268 1162 359 1210 umen
368 1153 552 1209 evidentiores
562 1153 782 1216 observationes,
797 1169 867 1224 quas
877 1153 976 1208 subii-

168 1229 288 1293 demus,
300 1229 436 1285 adductae
445 1227 561 1292 fuerint,
576 1229 631 1284 iam
641 1245 693 1284 uec
701 1227 816 1283 alterum
826 1226 901 1282 illud
915 1229 977 1283 lon·

168 1320 204 1377 ga
223 1303 338 1377 ambage
357 1303 576 1359 circumductum
596 1303 753 1358 universale
776 1312 979 1375 argumentum

168 1379 352 1450 sophisticum
369 1379 459 1436 efferri
476 1379 589 1450 poterit,
614 1379 809 1450 queritantur
824 1378 976 1436 ostendere

169 1469 223 1508 nen
247 1456 386 1525 incepisse
408 1454 505 1510 deum*
520 1453 669 1524 aliquando
695 1451 860 1508 creationem
884 1452 977 1508 huius

168 1528 286 1595 mundi„
301 1529 351 1586 sed
364 1546 474 1602 semper
488 1527 690 1601 pulcherrimae
710 1529 776 1586 huic
793 1528 977 1585 universitati

169 1602 305 1659 creandae
318 1620 443 1661 vacasse.
481 1604 599 1661 uedeeet
612 1608 700 1668 enim,
713 1605 822 1667 dicunt,
835 1602 978 1661 divinita-

168 1686 224 1731 tem
237 1693 370 1749 umquam
384 1680 445 1734 sine
457 1680 616 1750 operatione
628 1696 702 1744 esse,
727 1680 857 1750 quoniam
867 1681 926 1737 etii
935 1690 978 1736 at·

169 1768 223 1822 que
234 1752 349 1808 inertiae
359 1764 400 1807 est
411 1755 498 1809 istud:
515 1754 565 1809 sed
576 1756 681 1827 absque
692 1754 784 1819 initio,
800 1755 891 1816 aiunt,
906 1772 977 1811 oon-

169 1825 242 1881 didit
254 1823 325 1881 deus
337 1829 483 1891 admorsa,
503 1828 579 1883 hand
593 1830 782 1901 intelligentes
797 1828 862 1884 talis
878 1827 977 1905 hypo-

168 1900 278 1956 theseos
287 1901 497 1970 absurditatem
517 1904 977 1977 quippequivclentasmiuimam

169 1976 370 2031 accusationem
389 1994 404 2032 a
424 1975 476 2032 deo
494 1994 635 2044 amovere,
662 1980 811 2035 maximam
827 1980 859 2033 in
874 1979 976 2049 ipsura

169 2052 370 2107 accusationem
379 2052 524 2129 intentant
829 2072 831 2076 ·

175 2166 178 2169 ⁴
217 2177 252 2232 ’7.
273 2176 404 2250 Superest
413 2179 507 2251 itaque
517 2188 548 2235 ut
558 2178 819 2245 dicant‚materiam
827 2187 931 2235 ornatu
943 2196 975 2235 ac

170 2252 257 2308 forma
271 2261 298 2308 et
311 2252 399 2326 figura
413 2264 564 2321 carentem,
584 2255 717 2326 qualitate
736 2272 768 2309 ac
787 2254 871 2309 forma
886 2252 928 2307 ab
943 2272 975 2309 ec

89 2351 92 2359 ·
170 2327 298 2384 donatam
315 2328 416 2395 luisse,
438 2338 468 2385 et
483 2347 556 2401 quae
573 2346 630 2385 non
648 2338 725 2387 crant
744 2330 774 2385 in
792 2346 837 2393 ea,
866 2326 974 2399 figuras

169 2402 270 2458 deinde
280 2404 446 2475 sumpsisse:
468 2405 607 2460 nonenim
617 2422 749 2476 umquam
761 2403 830 2461 deus
841 2396 877 2478 [Ἴ
889 2402 974 2457 illam

168 2493 261 2533 creare
274 2478 351 2534 iuxta
365 2497 411 2535 eos
424 2480 526 2550 coepit.
543 2486 548 2499 ·
563 2479 643 2545 Quod
652 2481 676 2533 si
687 2482 797 2551 sapiens
808 2478 857 2534 illa
867 2480 974 2534 creatio

167 2566 217 2618 per
230 2550 314 2607 deum
329 2552 413 2618 lacta,
434 2554 587 2625 speciosam
602 2554 701 2609 mundi
714 2554 830 2610 formam
843 2551 974 2607 coadidit

168 2637 203 2675 ex
217 2625 277 2695 ipsa
292 2630 405 2682 materia
423 2637 504 2699 atque
519 2628 584 2683 inde
599 2632 712 2683 materia
726 2629 871 2701 pulchram
884 2627 975 2682 valde

162 2699 289 2764 vspeeiem
302 2704 397 2756 sortita
412 2710 466 2765 est,
486 2719 552 2757 num
568 2702 619 2757 hoc
634 2720 720 2759 unum
737 2706 815 2761 aiunt
829 2703 912 2759 deum
930 2702 974 2758 ie-
