2050 3100
152 147 168 197 6
228 151 327 195 PHIL.
346 150 421 196 IUD.
441 151 603 208 Quanam
621 151 671 196 ET
690 151 767 197 soL.
788 144 943 210 [intrent]

154 267 221 305 num
231 249 362 316 cantatio,
381 261 412 306 ut
420 251 553 305 Homerus
569 249 686 324 dixit*),
707 251 745 304 ita
761 249 892 305 violenter
903 250 945 303 in-

153 326 221 380 vitat
231 324 384 391 auditores,
396 333 428 380 ut
440 323 624 454 [*q(qblivioni
637 325 745 380 tradant
754 326 884 396 patriam,
898 323 945 378 do-

152 416 243 464 mum,
269 400 372 454 amicos
392 409 419 454 et
437 400 463 453 ci
501 418 515 453 s
533 401 715 464 necessarios,
740 408 843 470 quanto
861 399 945 470 magis

153 473 355 546 perfectissima
365 475 414 528 illa
424 484 451 529 et
460 491 568 529 summa
579 475 722 528 harmonia
731 473 855 545 praedita
869 481 945 544 atque

153 565 217 603 vere
228 547 354 603 caelestis
364 549 470 603 musica
484 550 621 622 attingens
636 549 850 604 instrumentum
865 548 944 608 auris,

154 631 233 696 cogat
243 624 365 678 insanire
375 641 407 677 ac
417 623 559 678 divinaret

208 698 287 752 Ratio
297 715 371 761 vero,
384 697 419 752 ob
428 715 512 769 quam
522 697 632 772 singula
643 697 792 752 animantia
802 696 886 750 trium
896 697 948 750 sint

155 788 288 826 annorum
299 789 544 843 numerorumque,
566 773 621 828 iam
631 781 710 826 antea
720 770 827 825 reddita
838 769 948 842 quidem

154 845 220 909 tuit,
236 863 310 900 nunc
320 854 410 901 tamen
421 845 571 902 dicendum
582 855 623 902 est
632 845 684 900 sub
695 846 780 900 altera
790 843 881 917 specie
890 863 949 918 my-

154 920 242 974 sterii.
282 920 417 987 Quoniam
437 923 530 976 visum
549 930 589 976 est
610 920 828 994 unumquodque
847 935 948 983 eorum,

154 1010 225 1066 quae
240 1003 305 1050 sunt
318 1005 380 1067 post
396 997 502 1061 lunam,
525 1005 556 1051 ut
569 1006 653 1060 terra,
675 1013 747 1066 aqua
762 1004 788 1049 et
803 995 860 1058 ae'r,
880 995 951 1048 trino

153 1068 274 1142 gaudere
294 1070 400 1125 ordine.
439 1071 510 1126 Nam
530 1080 616 1127 terrae
631 1070 783 1125 divisiones
798 1078 862 1123 sunt
877 1067 950 1124 arida

153 1144 321 1210 vastissima,
331 1145 439 1201 insulae
448 1155 475 1201 et
484 1144 662 1219 peninsulae;
678 1162 765 1216 aquae
771 1152 950 1207 autemmare,

153 1215 268 1273 llumina
278 1228 305 1274 et
314 1228 420 1292 stagna.
444 1220 522 1276 Aeris
533 1237 598 1277 vero
609 1220 689 1274 ambo
700 1219 881 1290 aequinoctia,
890 1234 953 1272 ver-

153 1293 216 1347 nale
230 1302 257 1348 et
272 1295 429 1349 autumnale
435 1294 492 1368 **),
513 1313 564 1366 pro
577 1311 632 1349 uno
643 1294 791 1358 habentur,
811 1291 953 1364 aequalem

154 1367 229 1420 enim
243 1367 346 1422 habent
359 1369 454 1423 horam
469 1369 557 1423 noctis
568 1385 599 1422 ac
609 1369 681 1433 diei,
698 1376 724 1423 et
734 1369 837 1439 pariter
847 1384 897 1420 nec
907 1383 955 1420 ca-

154 1439 212 1494 lida
222 1457 272 1494 nec
284 1440 386 1512 frigida
396 1450 460 1497 sunt
471 1443 657 1513 aequinoctia:
683 1443 787 1514 quibus
803 1442 873 1497 adde
888 1458 955 1496 con-

153 1514 294 1570 versiones
309 1517 442 1572 aestivam
453 1524 479 1572 et
488 1516 656 1586 brumalem,
685 1535 748 1573 nam
757 1535 808 1591 per
821 1518 887 1572 istos
898 1524 954 1572 tres

154 1589 272 1644 circulos
287 1589 374 1645 fertur
388 1591 428 1645 sol
443 1592 473 1645 in
486 1600 663 1664 tempestates
679 1595 825 1657 aestivam,
846 1592 956 1645 hiema-

154 1664 209 1719 lem
220 1672 247 1719 ct
257 1664 496 1735 aequinoctialem.
529 1668 668 1723 Naturalis
679 1669 765 1741 igitur
775 1667 900 1738 apprime
910 1684 957 1721 ra-

153 1740 191 1793 tio
204 1736 242 1813 [Ἴ
254 1739 415 1795 huiusmodi
426 1740 487 1798 erit.
527 1743 637 1799 Moralis
648 1752 739 1798 autem
752 1742 862 1815 proprie
873 1742 916 1795 sic
926 1756 958 1795 se

153 1813 246 1868 habet.

209 1888 365 1960 Unicuique
384 1896 507 1945 nostrum
525 1891 621 1947 insunt
638 1891 721 1947 haec:
744 1907 820 1955 carc,
844 1906 956 1954 sensus,

153 1963 232 2017 ratic.
271 1962 341 2018 Cum
354 1964 447 2036 itaque
462 1966 597 2037 corporali
611 1967 765 2021 substantia
780 1964 959 2020 familiarita-

152 2046 208 2092 tem
218 2037 338 2110 praefert
347 2039 444 2104 vitula,
455 2041 587 2111 quoniam
598 2042 737 2115 subigitur
748 2048 774 2095 et
783 2040 958 2111 obtemperat

153 2128 215 2167 cero
224 2122 316 2167 nostra
326 2120 408 2185 atque
421 2115 513 2187 iungit
527 2134 557 2171 se
572 2116 726 2171 ministerio
741 2116 829 2179 vitae,
856 2121 960 2168 natura

152 2202 263 2258 quoque
286 2186 388 2242 femina
411 2199 453 2245 est
474 2190 628 2245 secundum
651 2190 807 2254 materiam,
837 2189 897 2261 pati
926 2204 960 2242 ac

153 2259 338 2333 afficipotius
358 2264 572 2336 sapiensquam
595 2281 685 2337 agere.
730 2264 869 2319 Sensuum
890 2279 961 2317 vero

153 2338 342 2393 communitati
362 2339 489 2394 cohaeret
507 2340 662 2394 similitudo
681 2357 793 2411 caprae,
820 2338 865 2393 vel
889 2338 962 2408 quia

152 2410 265 2482 singula
274 2411 420 2468 sensibilia
430 2413 557 2469 feruntur
567 2414 601 2469 ad
612 2415 755 2487 proprium
765 2429 894 2477 sensum,
911 2412 961 2467 vel

152 2484 227 2555 quod
241 2502 276 2541 ex
288 2487 485 2561 imaginatione
494 2505 587 2545 rerum
596 2505 646 2560 per
656 2506 769 2544 sensum
779 2496 962 2561 acceptarum

203 2627 225 2671 ')
241 2626 305 2667 Hom.
322 2626 401 2677 odyss.
417 2628 448 2675 m,
467 2628 550 2667 lib-bb
568 2630 590 2668 et
605 2626 720 2666 let-lat.

203 2691 238 2740 ”l
255 2693 290 2733 Ad
306 2695 407 2735 verbum:
430 2695 509 2734 audac
526 2696 546 2733 et
562 2692 669 2732 moratu.
