2050 3100
50 156 172 225 [ucat]
244 162 284 206 ru
303 162 472 207 nxouuu.
493 162 619 208 senno
637 164 671 208 11.
753 118 859 213 ‘soe

50 262 284 320 circumactione:
320 260 485 326 substantia,
511 279 596 335 quum
616 271 711 319 mutuo
730 281 853 321 commu-

49 347 164 405 tantur,
195 337 405 392 circumactione
424 355 502 401 vero,
526 338 656 409 quoniam
673 347 775 395 rectum
794 359 853 396 mo-

51 425 117 470 tum
129 412 269 467 continent
284 411 319 467 da
332 421 424 468 centro
437 413 566 484 superius
580 414 653 487 ignis
667 422 693 469 et
706 416 765 480 aiir,
785 417 854 471 eub-

51 505 112 560 que
128 494 222 542 centro
237 504 308 559 aqua
322 495 349 541 et
361 495 445 554 terra,
476 487 583 542 caelum
596 505 661 543 vero
673 506 728 544 non
739 489 851 555 directe,

54 561 96 639 [*]
109 562 160 617 sed
171 563 288 616 circuitu
298 561 500 627 circumfertur,
521 561 638 634 figuram
651 562 756 619 babens
772 566 854 620 undi-

53 655 113 710 que
125 636 268 708 aequalem
278 636 517 708 perfectissimam.
546 639 585 691 Ne
595 636 663 692 lorte
673 640 775 712 itaque,
787 643 852 712 quia

53 720 84 768 et
99 720 192 784 partes
205 720 292 766 terrae
306 714 383 767 iuxta
401 712 605 767 mathematicos
626 712 754 771 dicuutur
773 732 854 770 sexa·

54 789 137 861 ginta
146 788 312 851 mensurari,
324 795 463 858 tamquam
474 787 605 841 talentum
615 788 783 846 ordinaverit
793 792 853 845 eius

54 864 189 928 formam,
218 862 283 933 quia
293 863 436 935 sexaginta
446 879 510 916 mna
520 869 560 917 est
569 862 743 937 talentum*l.'

80 1046 83 1052 -
112 1017 178 1074 Quia
193 1028 228 1067 eet
244 1015 353 1079 „Facies
368 1018 437 1067 iaxta
454 1017 573 1080 exemplar
589 1026 703 1067 mearam
720 1020 763 1069 tibi
777 1009 802 1069 in

326 1088 441 1134 meate“i
459 1086 512 1160 (25,
532 1084 586 1144 40.)

114 1190 158 1244 82.
182 1187 283 1241 Iterum
301 1185 353 1241 sub
374 1186 527 1258 aenigmate
546 1186 710 1258 exemplaris
727 1185 854 1260 designat

54 1268 250 1334 incorporeum
266 1260 385 1327 caelum,
398 1268 571 1334 prototypum
586 1258 748 1328 sensibilis3'
765 1278 854 1333 quon·

55 1341 114 1394 iam
126 1335 284 1412 exemplar,
292 1338 404 1411 signum
414 1343 440 1390 et
450 1352 578 1390 mensura
588 1343 629 1389 est
639 1334 710 1390 illud
719 1337 851 1391 visibilis.

56 1411 243 1481 Quamobrem
253 1417 380 1476 testatur,
391 1412 500 1467 dicens:
523 1412 635 1479 Inspice,
646 1426 772 1475 monens,
784 1428 854 1483 quo-

56 1487 143 1543 modo
151 1487 258 1542 animae
269 1487 482 1560 speculationem
492 1486 552 1540 siue
562 1502 656 1540 somno
661 1498 768 1541 servare
773 1504 854 1561 opor-

56 1573 121 1628 teat,
133 1571 159 1619 et
164 1562 279 1636 vigilem
290 1580 350 1618 esee
360 1562 395 1618 ad
404 1562 540 1618 videndas
550 1562 656 1633 species
666 1564 850 1636 incorporeas,

57 1640 127 1695 alias
138 1639 163 1693 si
173 1639 294 1709 corporis
303 1638 391 1694 o'culis
402 1639 513 1693 visurus
524 1646 580 1692 erat
590 1638 749 1695 sensibilem
764 1657 852 1712 neque

56 1717 167 1770 iussum
176 1713 241 1769 dare
251 1714 286 1768 ad
296 1713 326 1768 id
335 1730 404 1786 opus
415 1730 474 1768 esse
484 1721 567 1784 patet.

210 1868 275 1928 Quid
290 1880 324 1921 ert
341 1872 581 1934 „tabernaculam
598 1872 651 1935 (2⁶,
672 1870 707 1929 1.)

115 1977 159 2030 83.
184 1974 319 2046 figurans
334 1972 472 2052 imprimis
486 1972 676 2042 incorporeum
689 1970 854 2044 intelligibi-

59 2052 171 2122 lemque
181 2048 316 2103 mundum
326 2065 375 2120 per
385 2063 488 2111 aream,
509 2047 650 2102 sensibilis
661 2054 752 2101 autem
762 2045 854 2119 (mun-

59 2125 98 2197 di)
109 2125 257 2180 essentiam
267 2139 462 2195 permensum,
483 2130 564 2193 atque
577 2122 682 2176 caelum
693 2139 742 2192 per
753 2120 853 2176 cande-

60 2199 183 2262 labrum,
198 2199 297 2269 incipit
306 2196 459 2253 secundum
467 2197 590 2252 ordinem
602 2213 632 2251 ea
642 2212 766 2267 quoque,
782 2213 852 2266 quae

60 2274 111 2329 sub
122 2274 277 2338 lunasunt,
299 2272 469 2335 describere,
491 2274 551 2326 a'e'ra
562 2279 588 2326 et
597 2287 696 2342 aquam
705 2272 853 2341 ignemque

61 2358 215 2413 aetenam,
228 2356 340 2405 naturae
349 2349 409 2402 sive
419 2347 587 2403 substantiae
598 2347 712 2401 istorum
721 2343 852 2415 adaptans

61 2427 265 2480 tabemoculam.
303 2422 531 2494 Quandoquidem
544 2418 750 2477 tabernaculum
762 2426 854 2488 porta-

110 2562 132 2612 *)
147 2562 279 2604 Glareanus:
302 2563 422 2612 „Lana
434 2563 537 2603 talentum
550 2565 593 2607 est,
611 2563 633 2599 et
645 2557 808 2606 unumquodque
820 2561 852 2598 ta·

60 2614 141 2654 lentam
157 2614 199 2653 XII
215 2617 295 2664 myrlea
311 2616 449 2655 mambrae.“
478 2614 545 2653 Addit
561 2611 663 2658 Georgius
679 2609 770 2648 Doctor:
799 2607 853 2655 „Vel

60 2666 101 2704 lter
130 2665 181 2706 Mna
199 2665 258 2706 XXV
279 2667 344 2708 stelae
365 2669 408 2713 eet,
430 2665 494 2705 rictas
515 2663 648 2704 didrachma:
678 2661 749 2708 itaqua
769 2659 853 2699 runai.

62 2716 171 2764 drachma,
189 2717 293 2758 talamum
305 2721 377 2759 aarum
390 2718 422 2758 eet
434 2715 500 2756 libili
512 2713 640 2755 draebme·“
665 2708 745 2750 Aucti.

95 2767 208 2820 Prrruo
226 2768 285 2820 vu.
602 2764 651 2811 Aa
