2050 3100
141 139 204 191 380-
265 144 362 191 PHIL.
385 144 462 191 ΠΗ),
484 142 646 203 QUAEST.
665 143 715 189 ΕΤ
734 144 812 188 SOL.
833 138 947 204 [mssa]
1012 181 1013 190 t

141 244 191 301 sed
204 245 282 315 prius
294 262 326 303 se
341 247 444 316 ipsum.
482 246 555 301 Haec
568 244 625 303 tibi
636 243 670 299 ad
690 234 819 302 litteriis,
860 242 948 315 Sym-

140 320 231 379 betica
250 336 329 384 varo,
353 320 423 390 quia
440 319 534 377 lumen
551 329 594 376 eet
611 319 762 390 sapientia,
790 335 841 389 per
857 334 947 387 quarn
1012 317 1013 374 ἶ

140 396 233 453 omnia
252 404 423 458 noscuntur.¹
440 410 583 465 quaequae
597 393 630 453 in
639 401 737 453 natura
748 401 828 456 sunt,
848 392 947 447 oleum
1012 399 1013 452 3

142 480 234 528 autem
244 470 409 529 materiaest
418 479 445 527 et
453 477 600 540 apparatus
612 468 780 539 sapientiae:
796 468 866 527 tales
877 476 947 521 sunt
1012 485 1013 532 ξ

141 546 263 610 numeri.
279 545 440 617 geometria.
457 544 564 604 musica
574 560 633 607 ars,
647 543 802 615 encyclica,
816 541 946 613 philosc-
1012 543 1013 606 ζ

140 621 224 693 phiae
232 620 358 679 studium
367 628 394 675 et
402 620 517 677 honesta
530 618 669 689 imprimis
683 617 848 688 disciplina.
868 634 945 688 quae
1012 621 1013 624 ’

142 692 819 766 nihitpraescieruntimprobandumsicuttasx.
1012 693 1013 724 t

191 834 272 902 Quaero
289 862 305 893 a
322 861 420 908 vespera
436 862 509 908 usque
527 844 562 892 ad
577 808 726 894 mansitabat
744 842 846 902 mendis
861 842 897 893 lu·

422 916 521 961 camasi
538 914 591 975 (27,
603 912 658 973 21.)

198 1016 256 1069 104.
276 1015 336 1075 Non
351 1012 426 1084 quod
439 1013 515 1070 intus
529 1012 695 1085 degentibus
710 1013 805 1068 lumen
818 1022 945 1084 praesta-

141 1098 201 1145 rent
214 1120 252 1130 -
265 1089 329 1160 quis
349 1089 423 1145 enim
442 1096 499 1143 erat
519 1088 548 1146 in
565 1089 669 1143 sanctis
687 1088 760 1144 intra
779 1086 893 1142 velum?
906 1118 946 1129 —

141 1182 228 1235 quum
238 1180 317 1218 nemo
327 1162 408 1235 plane
418 1164 493 1218 intus
508 1162 648 1230 manebat;
679 1162 729 1216 sed
744 1163 810 1233 quia
827 1161 945 1217 lumini-

141 1238 261 1294 ferarum
270 1237 412 1293 stellarum
421 1245 486 1292 sunt
496 1241 617 1294 lucernae
626 1236 765 1311 symbola:
786 1235 882 1291 stellae
894 1254 946 1291 au-

140 1323 196 1369 tem
215 1318 247 1367 do
264 1330 370 1383 vespera
383 1317 513 1382 usquead
527 1330 603 1367 manc
615 1312 732 1374 micant,
753 1311 944 1366 ministrantes

141 1388 328 1443 necessarium
345 1388 532 1442 ministerium
546 1384 584 1461 [*]
600 1388 732 1442 universo
742 1385 858 1441 mundo.
893 1386 944 1441 At-

141 1478 195 1533 que
215 1462 340 1517 lucernas
360 1478 479 1535 aequum
498 1462 580 1517 duxit
597 1460 812 1516 similitudinem
830 1476 899 1532 prae
912 1473 944 1515 se

139 1536 212 1592 ¹ferre
223 1537 383 1594 caelestium
393 1536 517 1612 siderum
526 1536 641 1593 choreae
651 1555 667 1592 a
676 1536 796 1592 serotino
806 1552 897 1609 usque
908 1535 943 1591 ad
1012 1554 1013 1607 ς

141 1614 306 1672 matutinum
320 1622 439 1686 tempus.

188 1754 237 1805 Oua
252 1753 463 1818 Acmaifiiia'sqos
481 1755 531 1803 eim
546 1755 633 1804 marcu
648 1753 694 1805 dut
715 1754 843 1804 oeoeadse
861 1753 897 1804 ln-

451 1825 550 1872 m?
570 1822 631 1886 (ib.)
705 1874 709 1883 .

201 1927 258 1980 405.
292 1921 427 1978 Aaronem
450 1925 573 1995 suscepit
595 1923 736 1979 initiatum
754 1924 892 1980 divinitus
912 1943 944 1980 ac
1012 1918 1013 1977 j

141 1998 302 2073 prophetico
312 1999 412 2070 spiritu
423 1997 568 2062 donatum,
580 1999 780 2072 negligentiam
789 1997 944 2057 succeden-

141 2075 212 2128 tium
221 2072 396 2145 postmodum
406 2072 568 2146 pontificum
582 2073 802 2204 reprehendens,
824 2074 875 2145 qui
888 2075 945 2128 mi-

141 2149 287 2204 nisterium
307 2155 462 2205 sanctorum
476 2147 612 2203 demanda
635 2158 681 2204 ant
694 2147 826 2203 secundis
841 2165 873 2204 ac
886 2157 945 2203 ter·

141 2224 188 2277 tiis
204 2223 263 2277 suis
277 2221 317 2277 ob'
347 2223 479 2296 igritiam.
518 2221 654 2290 Quoniam
668 2225 724 2295 ipsi
739 2240 789 2296 per
803 2239 833 2278 se
843 2231 945 2279 cuncta

142 2297 274 2368 consequi
288 2295 318 2350 of
336 2299 378 2350 cia
393 2299 541 2353 ministerii
555 2298 735 2355 inenarrabili
748 2297 871 2370 quadam
886 2297 945 2352 lae-

141 2373 202 2425 titia
221 2372 336 2426 minime
354 2371 515 2428 studebant:
544 2386 632 2444 quum
649 2373 721 2428 nihii
736 2373 774 2427 sit
787 2371 944 2428 iucundum

142 2461 173 2497 ec
183 2462 268 2499 suave
278 2461 368 2516 neque
378 2447 529 2518 gloriosum
539 2448 643 2520 magis,
663 2464 748 2523 quam
761 2447 813 2502 dec
825 2448 942 2512 servire,

141 2517 216 2585 quod
232 2519 343 2573 excellit
355 2515 583 2595 magnum'ettam
597 2538 725 2594 regnum.
764 2522 834 2578 Mihi
849 2530 944 2576 autem

141 2589 252 2643 videtur*
261 2592 366 2660 priscos
377 2610 455 2664 reges
469 2594 552 2648 simul
568 2603 595 2650 at
608 2597 752 2667 pontifices
767 2595 870 2661 fuisse,
890 2614 943 2667 pa-

143 2660 197 2712 lam
214 2678 263 2731 per
281 2680 363 2718 suum
381 2668 567 2722 ministerium
580 2668 726 2737 iacientes,
746 2671 821 2744 quod
835 2681 943 2746 oportet
