2050 3100
88 155 196 221 [uua]
257 161 296 206 ru
316 161 494 206 cnunsru.
513 162 641 208 sunno
663 165 706 208 111.
867 163 883 213 5

86 260 156 330 quod
167 268 260 314 autem
270 261 376 314 animae
386 260 506 332 praefert
516 255 738 328 similitudinem,
751 266 780 319 in
792 268 882 320 aerem

86 336 210 408 etmagis
221 335 304 389 vitale
314 335 498 406 spiraculum:
524 344 550 390 et
561 337 625 402 hoc,
641 345 672 392 ut
683 338 756 402 dixi,
772 357 882 395 mascu-

86 411 139 464 lum
153 417 208 464 est.
247 408 279 463 Si
292 426 358 482 ergo
372 411 526 465 masculum
541 419 646 482 oportet
660 429 756 468 vocare
767 431 883 470 moven-

84 493 135 538 tem
154 501 270 539 causam
283 492 310 537 et
324 493 464 556 agentem,
492 484 594 540 femina
612 487 664 540 erit
678 487 795 544 dicenda
810 506 881 560 quae

84 568 207 614 movetur
220 576 252 612 ac
265 559 377 630 patitur.

134 662 305 719 volatilibus
315 671 421 726 autem,
432 670 464 717 ut
473 671 538 718 sunt
547 665 674 720 columba
684 675 711 722 et
720 675 823 734 turtur,
841 667 883 722 fa-

83 737 198 792 miliaris
209 738 347 810 reperitur
356 745 445 792 totum
455 738 575 804 caelum,
591 739 770 797 distributum
781 744 810 796 in
820 743 883 813 pla-

82 822 205 868 netarum
218 810 257 886 [Ἴ
271 811 443 882 lixarumque
458 812 619 888 (stellarum)
634 831 743 888 gyrum.
783 816 882 871 Plane-

81 887 219 959 liciteque
230 886 342 963 addicat
353 886 524 955 columbam3
545 889 621 943 cicur
631 891 704 944 enim
716 900 757 946 est
768 900 794 946 et
804 908 883 946 man-

81 962 236 1017 suefactum
251 961 367 1016 animal:
393 960 467 1016 sicut
480 970 507 1016 et
519 962 644 1033 planetae
659 963 809 1020 familiares
822 983 882 1020 ma-

80 1037 120 1107 gis
133 1037 221 1092 nobis
236 1044 314 1099 sunt¹
339 1044 370 1090 ut
383 1036 532 1091 viciniores
546 1046 634 1092 terrae
649 1047 675 1094 et
685 1041 882 1111 compatientes

81 1111 238 1166 nobiscum.
275 1111 612 1176 Fixisautemturturem;
637 1113 798 1167 solitudinis
807 1117 882 1168 enim

81 1197 181 1242 amator
192 1194 237 1240 est
249 1186 388 1249 animans,
413 1194 439 1239 et
449 1187 685 1240 conversationem
695 1188 882 1241 multitudinis

80 1261 149 1316 sicut
163 1261 253 1316 etiam
267 1260 369 1314 coitum
385 1258 469 1332 fugit:
496 1261 538 1314 sic
552 1260 721 1332 longinquus
737 1269 764 1314 et
774 1262 803 1315 in
816 1262 884 1315 ulti-

82 1337 131 1390 mis
141 1336 222 1391 orbis
233 1336 453 1390 extremitatibus
463 1344 504 1390 est
518 1335 617 1408 globus
631 1336 765 1390 inerrans.
805 1336 883 1390 Assi-

81 1411 167 1466 milati
183 1419 252 1465 sunt
265 1426 331 1483 ergo
345 1410 510 1465 caelestibus
520 1411 671 1466 virtutibus
682 1411 761 1466 ambo
771 1412 882 1466 ordines

81 1484 202 1541 duarum
222 1486 329 1550 avium,
353 1485 498 1557 quoniam,
523 1493 554 1539 ut
573 1486 611 1539 ait
626 1485 781 1541 Socraticus
795 1488 879 1551 Plato,

80 1578 196 1616 currum
214 1562 356 1617 volucrem
373 1578 435 1615 esse
449 1563 577 1615 convenit
591 1562 666 1617 caelo
680 1571 791 1635 propter
805 1564 883 1617 velo-

81 1638 225 1691 cissimam
244 1636 498 1701 circumactionem‚
523 1636 628 1709 quippe
647 1637 722 1708 quod
742 1637 786 1693 vel
806 1639 882 1709 ipsos

81 1712 211 1767 volucres
226 1719 338 1783 superat
354 1712 498 1767 velocitate
512 1712 542 1766 in
557 1730 639 1768 cursu
654 1729 714 1767 suo.
754 1712 882 1768 Cantato-

82 1803 126 1840 res
144 1804 212 1842 vero
229 1796 295 1841 sunt
313 1795 543 1858 praememoratae
561 1804 638 1851 aves,
661 1788 714 1843 sub
729 1788 883 1859 aenigmate

84 1860 224 1917 indicante
236 1862 370 1934 propheta
382 1879 451 1926 eam,
463 1878 535 1932 quae
545 1862 574 1915 in
586 1862 660 1916 caelo
671 1871 720 1927 est,
732 1861 884 1933 perfectam

85 1937 233 2000 musicam,
254 1954 290 1991 ex
303 1946 379 1991 motu
394 1935 536 1990 stellarum
548 1936 705 1991 harmonice
720 1947 882 2008 coaptatam.

84 2008 220 2075 Quoniam
231 2019 422 2083 argumentum
433 2010 569 2065 humanae
580 2020 620 2065 est
631 2012 710 2077 artis.
729 2013 884 2082 quaomnia

86 2100 224 2158 congruus
237 2094 332 2140 cantus
343 2086 420 2141 vocis
431 2085 593 2139 animalium
604 2095 630 2141 et
640 2087 884 2143 instrumentorum

87 2159 268 2214 animantium
282 2160 450 2215 construitur
464 2177 513 2231 per
527 2160 693 2216 industriam
705 2162 825 2235 ingenii;
848 2161 884 2215 il-

87 2231 146 2287 lum
159 2250 224 2289 vero
237 2242 349 2289 cantum
363 2236 508 2290 caelestem
524 2234 599 2289 haud
615 2236 689 2309 large
703 2236 826 2291 extendit
836 2253 884 2289 us-

88 2324 142 2377 que
150 2309 181 2362 in
190 2318 289 2363 terram
299 2318 416 2374 creator,
438 2311 511 2364 sicut
521 2317 547 2363 et
561 2309 651 2364 radios
666 2310 782 2377 solares,
804 2326 885 2381 prae-

88 2382 202 2437 veniens
212 2400 305 2437 curam
315 2400 410 2457 gerere
419 2392 530 2456 propter
540 2402 628 2456 genus
638 2385 799 2440 humanum.
828 2384 885 2437 Ex·

92 2455 154 2510 citat
168 2458 243 2511 enim
257 2456 329 2529 (talis
340 2458 445 2532 cantus)
456 2458 593 2514 insaniam
603 2461 633 2513 in
644 2460 757 2514 auribus
768 2467 795 2514 et
805 2457 886 2512 indo-

92 2529 185 2584 mitam
196 2531 364 2603 voluptatem
374 2532 488 2588 afferens
498 2534 599 2597 animo,
612 2534 677 2589 lacit
688 2542 718 2589 ut
728 2540 885 2586 contemna-

92 2609 136 2657 tur
145 2605 226 2658 cibus
236 2613 263 2659 et
271 2615 365 2675 potus,
387 2616 468 2677 atque
483 2606 554 2661 lame
565 2616 679 2661 mortem
689 2612 886 2674 approperante

95 2674 149 2734 lere
161 2679 310 2735 moriamur
322 2681 358 2736 ob
374 2680 536 2752 cupidinem
550 2688 656 2735 cantus.
688 2676 800 2741 Quodsi
812 2674 887 2729 Sire-
