2050 3100
52 215 98 280 [11,
107 212 227 277 282283]
248 219 288 263 IN
308 218 483 265 GENESIN.
504 219 632 265 SERMO
652 221 694 268 lv.
821 216 864 266 llll

56 402 95 467 [¹¹]
115 400 186 459 Quid
202 411 249 463 eat,
272 400 338 465 qaod
357 401 413 451 dicit
429 398 492 451 Lot:
522 375 604 467 „⁵qu
622 418 669 453 aon
678 413 764 468 potero
778 404 871 453 robori

127 471 153 519 io
172 478 286 531 montem,
306 484 335 517 oe
347 470 416 533 sorte
433 469 634 533 comprehendant
650 487 686 519 me
702 471 769 519 mals
786 481 809 521 et
821 488 869 520 mo·

124 538 189 586 rior.
228 535 295 585 Ecce
315 535 375 585 lace
393 536 476 586 civitae
488 553 567 601 prope
581 546 627 600 eat,
647 538 682 585 nd
688 538 830 603 sapiendam
845 540 869 586 in

128 620 195 666 cam,
226 620 290 666 quae
308 612 343 653 eet
356 620 452 667 pnroa3
487 612 510 653 et
529 621 576 653 nort
594 613 629 654 est
643 621 736 669 parvo,
763 606 807 654 sed
821 606 869 653 sol·

127 668 207 721 vaber
225 679 249 720 et
265 668 327 720 vivet
344 671 426 750 animo
441 673 534 720 mea“t
553 676 606 736 (19,
629 678 657 721 19
669 674 702 732 s.)

115 800 159 855 Π.
185 796 319 854 Divinum
334 799 452 855 verbum
467 799 655 856 abundantem
670 802 792 874 largiens
805 819 869 873 gra-

59 877 142 939 tiam,
164 890 279 929 sursum
293 875 393 930 invitat
408 878 529 932 animam
543 876 713 947 proficientis
727 876 762 930 ad
776 876 870 947 perle-

60 952 194 1005 ctionem.
222 947 276 1015 Qui
289 957 380 1004 tamen
391 950 482 1006 adbuc
492 950 690 1022 pusillanimus
701 961 742 1007 est
753 960 779 1006 et
789 953 869 1006 simi-

60 1025 227 1097 lisexlonga
239 1023 413 1097 aegritudine
424 1026 453 1081 in
464 1027 610 1081 sanitatem
620 1028 810 1099 vergentibus,
817 1028 867 1097 qui

61 1100 179 1174 quidem
198 1108 316 1154 mortem
335 1098 469 1173 effugere,
495 1101 619 1160 nondum
640 1110 732 1156 tamen
752 1101 869 1155 salutem

60 1175 214 1248 perfectam
230 1173 338 1247 adepti,
360 1175 484 1249 medium
499 1175 591 1231 adhuc
605 1184 700 1231 tenent
714 1182 814 1229 statum
825 1177 870 1229 in-

60 1260 102 1305 ter
121 1251 280 1307 sanitatemx
291 1257 318 1305 et
337 1249 539 1317 infirmitatem,
561 1251 603 1324 (eo
618 1249 699 1305 modo
714 1249 795 1321 quasi
810 1250 869 1320 Lot)

61 1327 203 1399 propriam
214 1324 315 1380 fatetur
325 1324 560 1391 imbecillitatem,
582 1327 632 1381 vix
647 1342 729 1397 posse
739 1341 769 1379 se
779 1326 870 1378 omni-

63 1419 97 1457 no
107 1400 213 1457 distare
227 1417 243 1455 a
257 1394 370 1456 civitate
384 1400 521 1473 civilique
535 1419 602 1466 usu,
625 1410 708 1472 atque
722 1398 870 1455 transferre

3 1532 5 1547 ,
62 1478 132 1541 sein
142 1492 286 1540 securam,
303 1476 477 1548 sapientibus
491 1478 716 1541 convenientem,
733 1476 870 1547 tranquil-

63 1554 180 1608 litatem.
220 1553 324 1608 Verum
341 1552 474 1624 proficere
493 1562 536 1609 est
550 1554 589 1616 ei,
615 1570 670 1607 non
686 1552 758 1608 ultra
772 1552 870 1606 cedere

63 1628 172 1684 civitati
183 1644 216 1682 ac
226 1628 356 1683 civilitati
366 1629 484 1699 primas,
496 1629 554 1683 imo
564 1627 700 1699 impedire
710 1625 870 1682 admiratio-

63 1722 125 1760 nem
136 1703 173 1758 de
182 1702 256 1767 illis,
268 1700 347 1757 flocci
357 1702 484 1759 iaciendo
494 1703 609 1767 similia,
622 1703 660 1757 ita
669 1712 761 1772 tamen
771 1710 802 1757 ut
816 1719 870 1756 non

63 1779 144 1851 parvi
162 1776 268 1850 pendat
286 1794 337 1832 ceu
351 1779 507 1834 necessaria
522 1778 668 1848 utiliaque.
708 1779 803 1835 Trium
818 1777 871 1830 ita·

64 1871 120 1925 que
130 1853 238 1908 entium
252 1854 283 1908 in
296 1852 389 1908 medio
404 1853 551 1918 stantium,
576 1853 710 1924 sapientis
727 1852 869 1915 videlicet,

63 1928 235 2002 proficientis
249 1935 277 1983 et
290 1929 425 2000 improbi,
446 1928 635 1985 extremitates
648 1928 768 1982 militant
778 1936 871 1982 oontra

65 2021 93 2060 se
111 2001 248 2061 invicem.
288 2001 406 2075 Sapiens
426 2005 501 2060 enim
520 2003 598 2074 pacis
615 2011 657 2058 est
670 2019 765 2058 amans
780 2012 807 2057 et
822 2020 871 2056 ne-
963 2028 965 2032 v

66 2082 139 2136 scius
149 2078 340 2134 dimicationis
352 2087 434 2151 atque
445 2078 569 2143 feriatus,
582 2086 612 2134 ut
621 2086 695 2133 totus
705 2078 811 2133 divinis
822 2096 872 2131 va-

66 2163 107 2212 cet
116 2154 411 2225 contemplationibus.
450 2154 596 2226 Improbus
612 2163 703 2208 autem
717 2153 872 2208 amatcivi-

68 2240 148 2294 tatem
163 2236 190 2284 et
206 2229 321 2284 civilem
336 2230 447 2285 turbam
461 2246 494 2284 ac
508 2228 746 2285 conturbationem
756 2244 872 2284 concur-

68 2321 184 2377 sumque
194 2303 342 2360 hominum
352 2313 379 2360 et
389 2321 495 2373 rerum3
522 2319 643 2374 namque
657 2320 733 2358 amor
747 2303 873 2376 negotio-

68 2397 141 2445 rum,
163 2379 295 2442 avaritia,
318 2379 480 2435 hominibus
496 2378 696 2450 complacentia
711 2387 792 2450 atque
812 2384 873 2431 stu-

71 2455 144 2510 dium
163 2453 311 2526 dignitatis
330 2453 516 2526 possidendae
534 2453 655 2527 pretiosa
674 2452 718 2507 illi
737 2460 815 2513 sunt,
846 2457 874 2503 et

72 2547 173 2585 cessare
189 2529 225 2583 ab
239 2528 276 2584 iis
294 2529 352 2585 vile
370 2537 508 2601 putatum.
547 2527 697 2588 Proficiens
717 2543 783 2580 vero
801 2525 874 2577 inter

14 2627 17 2634 ·
74 2615 232 2676 utrumque,
258 2620 288 2658 so
308 2621 422 2660 movens
444 2604 479 2660 ad
499 2619 626 2658 securam
645 2599 874 2669 tranquillitatem

75 2697 119 2734 nec
128 2688 222 2734 tamen
231 2677 329 2734 valens
339 2681 453 2734 omnino
463 2677 604 2734 declinare
616 2675 762 2748 politicen,
782 2686 874 2739 neque

77 2751 110 2828 Γ]
124 2763 154 2810 ut
170 2753 241 2808 olim
262 2752 402 2810 admirans
421 2755 562 2810 civitatem
582 2760 724 2819 tamqnam
743 2759 876 2816 magnum
