2050 3100
588 38 598 63 Ι

32 94 80 170 pr,
94 90 161 166 au]
226 100 266 144 in
287 102 464 147 esussrn.
484 102 612 146 sunno
631 102 673 149 Ν.
803 99 850 151 tta

2 215 3 234 ³
33 218 132 257 verso.
176 198 362 266 Quamobrem
376 202 449 257 sicut
461 203 492 255 in
505 201 609 257 mundo
624 211 665 258 est
680 203 786 274 aliquid
796 222 850 277 pu·

36 295 83 332 rae
99 276 257 340 essentiae,
278 293 350 347 quae
363 276 471 331 caelum
486 278 581 331 sortita
595 276 661 341 fuit,
684 286 780 349 estque
797 280 849 333 ali-

40 351 112 423 quid
123 350 249 404 mixtum
259 359 286 405 et
296 350 490 422 corruptibile,
506 350 643 421 quicquid
653 353 785 408 nimirum
795 354 848 409 sub

39 427 177 481 lunaest:
203 426 246 479 sic
256 432 283 479 et
291 426 418 498 generosi
428 434 523 497 partus
536 433 654 496 oportet,
677 428 781 499 inquit,
805 428 849 482 di-

40 502 224 573 stinguantur
233 501 263 554 in
273 500 414 554 mortalem
425 509 452 555 et
465 500 660 569 immortalem3
688 519 752 556 nam
766 520 805 558 eu
816 502 850 557 fi-

41 576 88 629 liis
98 592 178 630 unus
188 576 315 631 caelestis
325 582 403 633 estet
412 574 636 631 alterterrestris.

45 716 127 774 Qrtoee
144 716 218 767 Esau
240 727 363 780 „venator
383 726 436 767 erat
458 726 481 766 et
502 717 642 781 aprestis“,·
674 716 750 766 Iacob
772 728 849 767 autem

149 786 319 848 „incornptm,
339 784 450 834 labdone
467 783 599 833 domum“t
618 787 671 846 (25,
686 784 741 849 27.)

102 889 163 941 165.
188 885 357 957 Allegoriam
371 886 470 957 recipit
483 902 615 959 praesens
637 885 727 940 locus:
758 901 848 957 quon-

44 964 100 1017 iam
109 977 216 1034 pravus
226 959 333 1031 duplici
344 962 454 1033 negotio
463 961 548 1015 simul
559 970 667 1015 venator
676 968 718 1015 est
731 967 757 1015 et
770 978 848 1030 cyrc-

42 1043 100 1091 etr'e.
140 1033 250 1101 Quare‘l
269 1034 339 1101 Quia
349 1036 421 1090 sicut
429 1044 543 1091 venator
557 1052 620 1090 cum
635 1035 752 1090 canibus
767 1034 848 1089 ieris-

43 1128 99 1182 que
108 1118 303 1173 conversatur,
315 1111 353 1165 ita
364 1112 446 1165 etiam
456 1109 578 1165 nefarius
589 1126 653 1165 cum
663 1110 741 1165 vitiis
752 1118 778 1166 et
788 1128 847 1165 ma·

44 1188 94 1240 lis:
125 1201 247 1258 quorum
261 1185 354 1255 aliqua
367 1183 452 1257 (quia)
467 1186 571 1239 similia
586 1193 650 1240 sunt
665 1184 745 1248 feris,
767 1202 847 1257 agre-

44 1270 130 1326 stem,
145 1261 358 1315 immansuetam
369 1269 396 1315 et
405 1259 521 1314 ferinam
533 1260 703 1315 constituunt
711 1268 843 1326 mentem;

45 1336 140 1407 aliqua
159 1351 225 1391 vero
245 1334 374 1398 canibus,
396 1334 462 1405 quia
480 1333 669 1389 immoderatis
687 1334 847 1389 incursibus

45 1419 161 1465 utuntur
175 1418 203 1464 et
216 1412 245 1463 in
260 1410 335 1464 omni
350 1426 380 1463 re
393 1410 423 1463 in
438 1408 524 1463 furias
538 1416 695 1479 erumpunt.
735 1407 847 1463 Adbaec

48 1584 154 1639 mundo
162 1586 350 1657 propinquus,
362 1584 426 1638 ideo
435 1585 465 1638 in
475 1593 598 1640 creature
609 1584 747 1639 mundana
757 1593 783 1639 et
793 1585 847 1638 im-

47 1659 184 1714 maculato
203 1660 314 1714 caelesti
329 1675 445 1714 censura
458 1659 617 1715 efferuntur.
658 1659 766 1715 Caduca
781 1676 846 1714 vero

47 1743 72 1788 et
85 1733 210 1798 infirma,
230 1751 302 1804 quae
316 1751 332 1788 a
346 1734 521 1806 philosophis
532 1734 693 1789 sublunaria
704 1734 847 1806 appellan-

46 1819 103 1874 mr‚
125 1825 176 1882 pro
191 1808 321 1862 terrenis:
349 1818 383 1863 'ac
397 1825 447 1880 per
461 1809 513 1865 boc
528 1810 652 1883 germina
664 1809 782 1864 studiosi
791 1809 844 1865 viri

46 1883 169 1938 discerni
188 1891 294 1955 oportet
313 1899 328 1950 a
348 1883 526 1949 mortalitate,
557 1885 677 1939 filiorum
690 1884 764 1939 enim
779 1884 847 1939 alter

47 1958 189 2022 coelestis,
211 1957 279 2013 alter
292 1965 428 2026 terrenus.

78 2097 161 2156 (λειω
177 2099 249 2150 Esau
264 2109 363 2150 vorator
380 2109 404 2153 et
419 2099 520 2163 malas,
541 2099 616 2150 Iacob
633 2117 688 2150 vero
705 2100 803 2164 simplex
808 2135 815 2162 ,

207 2184 255 2233 per
274 2167 431 2217 innocentiam
449 2167 560 2222 latitans
578 2166 684 2216 domani?
785 2211 787 2216 .

105 2254 165 2306 ⁴65.
188 2251 278 2305 Locus
293 2251 441 2324 allegoriae
455 2267 544 2322 capax
560 2258 611 2305 est.
650 2251 754 2305 Pravus
772 2248 847 2303 enim

47 2334 73 2379 et
88 2334 209 2393 captator
224 2334 251 2380 et
264 2331 387 2380 misticus.
427 2325 506 2381 Sicut
521 2326 595 2380 enim
607 2323 771 2380 venantibus
782 2339 848 2376 con·
885 2375 890 2383 ,

48 2399 165 2455 suetudo
174 2407 229 2463 est,
246 2399 363 2455 canibus
373 2408 400 2456 et
409 2401 508 2456 bestiis
520 2401 685 2462 conversari,
697 2399 734 2452 ite
745 2411 848 2465 pravus

49 2475 116 2530 vitio
133 2474 304 2530 malitiarum
325 2474 391 2530 feris
411 2475 594 2538 assimilatur,
620 2476 680 2530 sine
695 2471 807 2525 lenitate
822 2475 849 2520 et

49 2550 227 2622 temperantia
238 2557 358 2605 mentem
368 2550 500 2624 regendo.
539 2551 629 2604 Etiam
644 2544 759 2599 canibus
774 2557 849 2594 com-

51 2634 173 2696 paratur,
197 2626 247 2696 qui
263 2625 337 2679 iusto
350 2626 415 2697 plus
429 2625 521 2680 satiati
532 2623 567 2676 ad
577 2622 680 2675 rabiem
693 2621 718 2669 et
729 2613 849 2668 furorem
