2050 3100
63 191 95 256 [1,
108 189 169 255 Μὰ]
197 196 247 240 DE
267 196 539 244 PROVIDENTIA
558 199 684 245 SERMO
703 201 734 244 ΙΙ.
817 195 860 246 lot

63 296 169 360 sideut,¹
181 297 246 350 etin
257 297 327 366 ipsis
336 296 434 351 loculis
443 298 606 369 templorum
618 299 712 354 latent.
732 299 762 354 ld
772 301 864 371 ipsum

63 373 188 425 cernitur
198 371 263 426 etin
274 371 443 436 volucribus,
459 375 590 444 quoniam
600 374 684 439 turdi,
696 375 802 438 salami,
814 392 864 445 pa-

63 445 190 509 lumbes,
206 444 347 516 perdices,
364 463 547 518 anserumque
556 465 713 520 gruumquc
724 465 823 522 genera
834 453 864 504 in

64 521 174 575 deserta
189 519 314 592 lugiunt,
335 520 500 576 hirundines
511 532 602 579 autem
612 532 639 578 et
648 524 738 588 corvi,
759 525 808 595 qui
819 525 864 578 ni—

63 595 106 650 hil
117 603 246 666 prosunt,
263 596 293 649 in
303 594 520 653 habitationibus
531 597 674 653 hominum
684 597 827 656 nidificant
838 608 864 653 et

63 672 95 724 in
106 669 277 724 civitatibus.
317 669 395 736 Quod
405 679 496 727 autem
506 675 595 746 magis
605 674 795 748 prodigiosum
806 683 860 736 est:
916 725 918 732 .

63 745 237 816 quicumque
247 744 406 800 hominibus
416 755 532 804 mortem
541 749 674 814 minatur,
693 750 765 804 inter
777 750 864 821 repti-

63 820 102 874 lia
117 821 225 892 potius,
247 820 308 874 sine
322 820 488 876 laboratione
502 821 585 878 hahet
604 823 698 878 cibum
717 840 864 896 praeparo-

63 905 124 949 tum
135 894 241 966 abipsa
255 902 364 962 natura3
396 897 444 967 qui
456 913 521 951 vero
529 896 646 952 refertur
656 897 690 952 ad
699 899 780 952 utilia
791 899 863 953 vitae

64 977 301 1041 cooperaturque,
315 987 346 1024 ac
360 970 386 1024 si
400 971 539 1042 supplicio
555 971 666 1026 affectus
680 988 730 1043 pro
745 972 863 1027 utilitate

64 1061 129 1109 sua,
152 1052 296 1116 angustam
309 1044 518 1100 haesitationem
530 1043 566 1120 [Ἴ
578 1047 682 1118 patitur
691 1044 726 1100 de
737 1063 864 1100 necessa-

63 1121 129 1184 riis,
152 1119 208 1173 nisi
221 1124 370 1191 properans
384 1120 466 1175 homo
479 1121 561 1192 quasi
571 1120 706 1176 mercedis
716 1121 803 1192 gratia
814 1120 864 1174 ad-

64 1195 160 1249 hibeat
169 1193 284 1248 herbam
294 1193 468 1250 familiarem.

120 1305 164 1358 93.
188 1302 220 1357 ld
234 1319 299 1357 saue
316 1312 342 1358 et
356 1304 386 1358 in
400 1303 503 1375 plantis
517 1303 674 1358 ordinatum
690 1303 861 1366 observatur,

65 1377 99 1433 ad
111 1377 268 1434 evidentem
279 1385 435 1449 certamque
445 1379 584 1443 notitiam,
597 1385 713 1450 utputo,
727 1379 809 1432 etiam
819 1377 864 1431 ni-

63 1454 154 1508 mium
163 1452 280 1525 stupidi.
318 1454 386 1510 Mori
397 1455 471 1508 enim
481 1462 508 1509 et
518 1454 667 1526 sycomori,
682 1452 806 1517 oleastri,
818 1460 864 1506 tu-

62 1527 178 1584 bercula
192 1526 343 1602 arvaque*)
357 1528 439 1585 valde
454 1527 609 1585 redundant
623 1535 650 1583 et
664 1528 770 1600 absque
789 1527 864 1601 agri-

63 1604 189 1659 culturae
203 1612 260 1658 arte
273 1604 422 1676 pullulant.
460 1605 549 1663 Malus
567 1614 658 1660 tamen
676 1605 791 1676 punica,
812 1620 863 1676 po-

63 1697 156 1743 mum,
177 1679 283 1751 palma,
303 1679 393 1735 olivae
408 1681 535 1753 vitesque
548 1698 608 1735 raro
622 1696 713 1752 neque
726 1696 761 1735 ex
773 1696 803 1733 se
813 1696 863 1733 na-

64 1761 193 1820 scuntur,
208 1754 365 1828 indigentes
375 1755 483 1828 semper
494 1770 540 1821 eo,
556 1756 605 1827 qui
616 1772 769 1811 accrescere
780 1771 811 1809 ea
821 1752 870 1807 fa-x

63 1832 133 1896 ciat,
155 1838 186 1885 ut
200 1846 280 1903 aegre
294 1831 435 1886 annuatim
449 1830 569 1886 lructum
582 1829 682 1886 ferant:
714 1832 752 1886 ita
762 1838 793 1884 ut
801 1829 863 1901 ple·

63 1922 183 1976 rumque
192 1908 241 1977 qui
251 1905 417 1975 plantarunt,
432 1924 486 1960 uon
496 1922 528 1961 eo
538 1908 708 1977 perveniant,
721 1914 752 1960 ut
761 1906 796 1960 iis
806 1904 861 1959 irui

63 1982 186 2052 possint,
208 1980 257 2033 sed
271 1978 389 2051 posteris
404 1982 463 2034 suis
478 1981 683 2052 heredibusque
694 1980 812 2035 condant
822 1980 862 2033 la-

63 2056 146 2111 bores
156 2072 220 2109 suos
231 2054 266 2108 ad
274 2055 400 2126 iniquam
408 2057 620 2126 possessionem.

85 2243 90 2251 ,
121 2182 164 2239 ol.
187 2181 254 2233 ltem
269 2178 384 2234 lethales
398 2189 470 2234 terra
483 2180 583 2234 herhas
601 2180 759 2233 innumeras
779 2195 813 2233 ex
833 2194 862 2231 se

65 2255 215 2329 germinat,
237 2253 371 2309 hordeum
384 2271 451 2309 vero
465 2270 497 2308 ac
511 2255 633 2309 triticum
648 2270 697 2323 per
707 2252 862 2324 angustiam

66 2346 148 2383 curae
173 2327 400 2400 indefessumque
423 2328 545 2384 lahorem
567 2326 763 2399 agricultcrum
782 2342 862 2398 aegre

64 2404 161 2458 nutrit.
199 2404 257 2458 Nec
271 2402 385 2459 forsitan
399 2403 500 2459 durum
515 2410 601 2465 esset,
622 2402 647 2455 si
662 2400 767 2471 ubique
787 2400 863 2457 idem

64 2478 318 2551 fiericontingeret:
348 2496 413 2533 nam
422 2480 451 2533 in
461 2478 573 2533 miseria
582 2474 657 2547 quod
667 2491 811 2529 commune
822 2483 863 2529 est

65 2553 184 2617 malum,
200 2552 291 2607 levius
301 2554 482 2626 comperitur,
502 2549 688 2607 similitudine
697 2551 727 2604 in
736 2550 863 2607 multitu-

114 2692 138 2740 θ)
150 2692 248 2732 Incertae
260 2665 296 2732 hle
309 2696 360 2734 aunt
372 2692 539 2741 significationes
547 2690 607 2732 Arm.
615 2701 693 2731 vocum
705 2701 743 2741 per
755 2691 861 2730 coniectu-

63 2754 110 2786 ram
123 2745 216 2793 nuquam
228 2754 242 2784 a
254 2744 316 2784 noble
329 2752 478 2795 expressam
491 2742 692 2789 musculorum,
703 2752 759 2782 ersa.
781 2741 861 2779 Auen,
