2050 3100
124 239 172 290 330
251 237 689 296 P111L.1un.QUAEsT.ET
709 237 787 282 SOL.
813 230 929 298 [Ihm]

161 407 208 457 Cur
226 405 296 456 dicit:
324 403 494 468 „Beccdicam
512 420 601 468 panem
618 412 680 452 tcum
699 413 721 452 et
738 419 839 466 aquam,
867 412 892 452 et

253 482 357 522 avertam
376 469 525 534 infimitates
542 489 559 519 a
577 473 642 519 tet‘?
671 474 725 534 (23,
737 470 790 528 25.)

183 588 222 639 t8.
251 583 350 638 Cibum
369 591 396 638 et
412 583 558 638 sanitatem
575 581 734 654 subsignat:
760 581 855 636 cibum
873 597 929 652 per
1022 608 1023 631 1

121 669 365 730 pcncmethccm
387 659 531 712 smltmem
542 671 610 712 vero
618 661 838 728 percursionem
846 661 928 725 infir-⁴

123 740 263 790 mttctum
281 731 413 787 Secunde·
420 733 578 806 religiosum
589 730 784 786 abstinentiam
790 732 928 786 enunciat

123 809 300 881 perceptione
317 809 541 864 necessariorem
558 805 698 872 ciborum,
729 806 800 861 haec
814 814 926 860 tuntum

124 883 233 946 dicens,
254 881 329 952 quod
343 882 424 936 cibus
438 884 475 938 sit
488 885 659 954 incomptus,
679 882 761 954 panis
774 879 926 953 superliciis

124 973 233 1020 carens,
253 964 372 1028 ¹ctpccus
383 973 453 1029 equs
463 959 628 1013 consumens:
655 956 809 1028 liispcsltis
820 957 926 1010 sanitas

124 1035 185 1088 erit.
220 1034 309 1088 Tertio
319 1041 375 1087 tam
386 1035 570 1106 vitae‚·qnnm
581 1032 669 1088 bonne
678 1033 753 1088 ritae
763 1032 926 1086 memoriam

124 1109 202 1164 facit:
233 1107 373 1180 siquidem
393 1109 428 1163 ad
447 1109 600 1164 vivendum
618 1108 772 1170 necessaria
790 1115 855 1162 sunt
872 1123 926 1177 pa·
1022 1132 1023 1173 3

124 1187 168 1239 nis
183 1193 210 1239 et
225 1199 321 1256 aqua„
332 1183 367 1238 ad
381 1184 458 1238 benc
467 1196 537 1239 vero
546 1183 699 1238 vivendum
710 1182 823 1255 apathia
836 1191 865 1236 ct
877 1183 926 1235 in·
1022 1182 1023 1203 ³

123 1263 236 1333 tegritas
254 1273 372 1314 morum.
392 1312 394 1318 ,
411 1249 517 1324 Quartc·
530 1258 642 1314 videtur
655 1258 796 1330 Scriptura
811 1274 925 1312 causam

124 1337 249 1390 sanitatis
260 1335 400 1392 declarare
410 1333 696 1409 frugalitatemvictns
703 1333 853 1406 :qnoniam
862 1333 924 1387 vini

124 1409 338 1483 compotationes
358 1419 385 1465 et
404 1410 615 1466 comessationes
635 1403 752 1480 dapum,
778 1425 856 1478 vqnae
873 1424 925 1478 per

125 1483 285 1542 aviditatem
295 1495 322 1540 et
331 1485 425 1559 gulam
436 1493 567 1559 aguntur,
582 1481 618 1538 cb
628 1483 746 1538 abusum
757 1483 925 1556 expletionis

125 1560 249 1616 efficiunt
259 1560 388 1617 morbum
396 1578 549 1631 causasque
554 1576 715 1635 magnarum
721 1558 923 1618 infirmitatum.

124 1636 226 1703 Quinto
240 1634 392 1691 doctrinam
405 1634 486 1691 nohis
496 1636 690 1709 dignissimam
698 1636 752 1691 rite
759 1635 852 1698 docet,
874 1634 925 1711 ad-¹

76 1750 82 1763 .
124 1727 252 1773 monens,
269 1710 344 1781 quod
354 1728 406 1767 nec
415 1712 495 1783 panis
506 1729 597 1783 neque
606 1729 678 1783 aqua
687 1728 737 1782 per
746 1728 777 1767 se
786 1712 923 1774 nutriunt,

124 1784 173 1840 sed
184 1782 333 1855 aliquando
344 1786 426 1839 etiam
436 1786 568 1843 damnum
576 1786 667 1842 ferunt
677 1788 766 1860 magis
774 1801 858 1858 quam
867 1786 926 1840 uti·

125 1860 242 1923 litatem,
265 1859 320 1913 nisi
331 1858 458 1915 divinum
469 1862 586 1917 verbum
599 1862 661 1915 istis
670 1878 780 1933 qnoque
793 1858 927 1917 concedat
1022 1869 1023 1908 l

124 1934 271 2006 perutilem
285 1934 425 1989 virtutem.
470 1933 653 2012 Quamobrem
666 1945 693 2005 et
709 1933 746 2011 [*]
765 1931 850 1992 dixit:
873 1936 925 1991 Be-

125 2012 244 2065 nedicam
250 2013 316 2077 pani
326 2018 370 2063 tuo
379 2019 403 2063 et
413 2028 497 2081 cquae
507 2022 581 2083 tuce·
601 2030 633 2067 eo
642 2012 717 2085 quod
727 2030 781 2067 non
791 2010 926 2067 summi-

125 2084 247 2139 licientcs
257 2100 307 2155 per
317 2101 347 2138 se
360 2084 449 2141 solum
463 2090 569 2145 nutrire
577 2090 638 2143 sinc
648 2088 743 2144 divina
754 2087 926 2143 conciliatio·
1022 2135 1023 2168 3

126 2176 159 2213 ne
170 2176 234 2213 cum
247 2158 348 2213 anima.

196 2298 275 2357 Quare
296 2300 366 2352 dicit:
392 2298 473 2367 „Non
490 2304 534 2353 erit
550 2304 575 2353 in
592 2315 615 2354 te
631 2306 716 2355 semine
733 2320 818 2353 carens
836 2312 858 2353 et

388 2370 515 2421 stertttwt
541 2372 660 2437 (teas)

185 2474 226 2525 ts,
248 2472 462 2531 Inloccunditate
476 2491 508 2529 ac
522 2474 664 2529 sterilitate
677 2475 707 2529 in
721 2472 925 2539 maledictionis

125 2545 222 2599 ordine
232 2548 330 2617 positis
345 2566 397 2603 non
408 2550 473 2613 erit,
494 2550 598 2619 inquit,
620 2549 694 2621 apud
706 2566 767 2613 ece¹
788 2551 839 2621 qui
853 2549 926 2603 iusta

126 2618 306 2691 legitimaque
320 2630 478 2693 operantur:
503 2624 635 2693 qnoniam
649 2625 679 2679 in
691 2625 846 2695 praemium
860 2640 927 2678 con-

54 2731 56 2736 .
127 2695 301 2773 servantibus
315 2696 438 2749 divinam
453 2697 617 2768 scripturam
631 2699 702 2771 legis
717 2708 838 2770 praestat
847 2698 927 2770 prin·

128 2765 245 2831 crpalem
261 2768 350 2839 legem
365 2768 527 2823 immortalis
541 2780 667 2838 naturae,
688 2790 760 2844 quae
775 2776 805 2829 in
819 2773 925 2829 semine
