2050 3100
140 135 187 187 298
262 140 359 184 PHIL.
380 140 453 186 lUl).
474 139 637 197 QUAES'I'.
655 137 705 183 ET
725 139 811 183 SOL.'
825 132 953 199 [ss‚ll5.]

139 241 276 303 condidit,
299 239 406 295 stabilit
420 241 512 294 omnia
525 239 610 294 simul
620 239 703 310 plena
712 239 834 310 propriis
845 237 950 294 fructi·

138 317 191 369 bus
206 315 392 369 connaturalis
406 315 528 369 consilii.
576 313 722 384 Siquidem
743 313 889 384 oportebat
909 315 950 368 ita

140 390 211 451 lieri,
233 398 310 459 patre
324 388 538 462 (universorum)
552 388 659 443 nullam
673 389 785 459 penitus
804 389 949 459 suspicio-

140 481 202 518 nem
212 463 387 534 relinquente
396 480 448 518 nec
458 462 634 518 redundandi
646 479 697 518 neo
708 461 873 525 deficiendi,
886 480 948 516 ma-

139 541 216 594 xime
228 547 259 593 ut
273 538 369 603 borno,
392 540 437 593 eui
452 537 693 594 commodatum
702 545 761 594 erat
769 538 947 608 principium

138 613 381 677 consuetudinum,
393 614 533 668 inveniret
542 613 635 668 statim
644 613 735 668 omnia
746 611 870 683 perfecta
880 629 945 683 per-

138 687 443 762 fectequegenerantia.
820 713 827 724 ι

192 775 271 842 Quod
292 785 383 831 autem
402 774 515 830 vernale
536 775 743 846 aequinoctium
760 783 944 845 supponatur

137 852 308 924 principium
319 850 508 906 circulationis
518 850 670 911 mensium,
691 856 766 919 patet
779 865 815 903 ex
828 850 944 904 retentis

136 926 308 998 temporibus
329 927 407 981 iuxta
427 925 601 997 singularum
621 923 746 996 gentium
766 921 895 978 ordinem
912 940 945 978 ao

137 1000 324 1057 traditionem.
348 1000 456 1057 Certius
466 999 501 1052 id
507 997 631 1053 verificet
640 998 790 1068 quisquam
800 1005 827 1052 et
837 1015 874 1052 ex
883 999 943 1069 spi-

138 1078 178 1131 ois
189 1077 355 1148 primitivis,
376 1091 446 1148 quas
460 1073 540 1128 iubet
549 1073 671 1128 secunda
682 1070 744 1127 lesti
755 1071 801 1126 die
812 1071 905 1127 afferri
913 1074 942 1127 in

137 1168 219 1207 usum
230 1154 432 1208 ministrorum:
464 1148 564 1203 messis
575 1156 666 1202 autem
676 1156 787 1218 tempus
797 1155 839 1202 est
848 1164 907 1203 ver.

191 1243 226 1297 At
236 1243 346 1298 dubiret
353 1242 431 1315 quis,
447 1238 518 1312 quid
527 1239 578 1302 sit,
597 1238 672 1309 qaod
682 1253 769 1308 quum
783 1237 891 1309 duplex
904 1240 943 1293 sit

137 1319 357 1388 aequinoctium,
378 1315 490 1372 vernale
510 1322 538 1369 et
557 1313 729 1377 anurmntls,
750 1322 940 1384 mensuare
1015 1328 1016 1339 ¹

137 1392 281 1446 constituit
301 1393 373 1447 iusta
387 1391 484 1463 rogulo
498 1388 674 1459 aequalitatis
688 1386 811 1452 menam,
835 1405 890 1444 non
905 1403 941 1443 ex

137 1467 304 1528 autumnali,
326 1465 377 1521 sed
391 1482 427 1520 ex
437 1463 545 1520 vernali
554 1463 941 1535 weperitdinumarareten·

136 1537 221 1612 pora?
249 1540 390 1595 Ratioerit
400 1558 445 1604 ea,
465 1539 543 1611 quod
551 1538 658 1595 vernali
672 1543 797 1611 tempore
808 1538 937 1611 pullulat

136 1614 256 1670 iloresoit
270 1624 297 1669 et
310 1614 440 1687 producit
449 1613 571 1671 fructum
581 1632 663 1670 suum
673 1616 765 1670 omnis
774 1613 940 1670 loeusfsrti·

137 1690 172 1744 lis
182 1698 283 1752 terrae,
297 1698 443 1744 mortam
453 1697 480 1743 et
490 1692 666 1762 campestris3
692 1691 722 1744 in
733 1698 865 1745 autumno
874 1706 938 1743 voro

136 1762 273 1835 quicquid
283 1762 373 1836 frugis
384 1770 425 1818 est
435 1770 536 1828 terras,
547 1783 605 1820 una
613 1766 698 1821 siml
708 1765 832 1821 collectis
843 1764 938 1819 frueti-

136 1840 203 1900 bus,
219 1837 744 1912 defrondenturaresauntqueplantae:
768 1840 937 1912 principium

137 1930 201 1985 ergo
220 1928 332 1969 necesse
350 1911 386 1989 [Ἴ
403 1922 447 1969 est
465 1914 623 1970 adscribere
641 1916 749 1971 meliori
763 1916 836 1986 parti
851 1915 937 1987 magis

137 1986 327 2045 desiderabili.
367 1990 436 2045 itini
451 1998 543 2045 tamen
557 1990 685 2055 videtur,
707 1990 858 2062 quodiam
877 2006 937 2044 ver·

137 2063 192 2117 nali
213 2064 387 2135 aequinoctio
404 2072 544 2137 tamquam
565 2064 677 2137 reginas
697 2066 822 2121 serviens
837 2064 936 2119 lactum

136 2146 178 2192 est
198 2142 366 2197 autumnale.
406 2142 462 2196 Hoc
483 2141 559 2195 enim
579 2140 645 2194 colit
662 2148 776 2204 terram,
800 2141 894 2211 quiete
910 2140 936 2194 ei

136 2214 213 2276 data,
226 2216 374 2290 etlarboros
385 2216 496 2271 levitate
507 2214 598 2278 donat,
611 2231 699 2286 quum
709 2214 860 2287 delatigata
869 2213 936 2269 luis«

136 2298 286 2345 setectum
301 2301 412 2354 notura,
433 2290 574 2344 luctatoris
583 2290 671 2345 instar
679 2306 813 2363 generose
822 2297 932 2352 eertum

135 2365 184 2433 qui
205 2364 283 2419 velut
302 2365 382 2439 pugil
402 2380 466 2418 cnm
484 2360 643 2419 adversario
657 2365 763 2437 optimo
775 2380 934 2437 congressum

136 2436 217 2499 foret,
241 2440 308 2493 sinit
322 2448 353 2495 ut
366 2440 457 2493 lassus
464 2446 613 2493 renovetur
621 2456 733 2494 rursum
743 2456 780 2495 ex
788 2440 932 2511 principio.

135 2508 217 2573 Quod
225 2513 299 2567 siita
309 2530 354 2567 res
364 2530 393 2567 se
403 2511 501 2577 habet,
518 2528 599 2567 nemo
608 2514 748 2583 peccabit,
762 2514 933 2586 quumdixe-

136 2583 185 2643 rit,
198 2584 271 2638 sicut
281 2586 384 2641 mundo
394 2586 510 2648 caelum,
524 2587 562 2639 ita
571 2594 599 2640 et
609 2589 638 2640 in
647 2589 822 2662 temporibus
831 2606 879 2645 ver
888 2607 933 2644 au-

136 2662 231 2709 tumno
241 2660 319 2724 prius
329 2659 569 2729 principaliusque
579 2676 650 2714 esse.
