<?xml version="1.0" encoding="UTF-8"?>
<!DOCTYPE html PUBLIC "-//W3C//DTD XHTML 1.0 Transitional//EN"
    "http://www.w3.org/TR/xhtml1/DTD/xhtml1-transitional.dtd">
<html xmlns="http://www.w3.org/1999/xhtml" xml:lang="en" lang="en">
 <head>
  <title>
</title>
<meta http-equiv="Content-Type" content="text/html;charset=utf-8" />
  <meta name='ocr-system' content='tesseract 3.04.00' />
  <meta name='ocr-capabilities' content='ocr_page ocr_carea ocr_par ocr_line ocrx_word'/>
</head>
<body>
  <div class='ocr_page' id='page_1' title='image "./operaomniaadlib02philgoog/operaomniaadlib02philgoog_0045.png"; bbox 0 0 2050 3100; ppageno 0'>
   <div class='ocr_carea' id='block_1_1' title="bbox 142 189 946 258">
    <p class='ocr_par' dir='ltr' id='par_1_1' title="bbox 142 189 946 258">
     <span class='ocr_line' id='line_1_1' title="bbox 142 189 946 258; baseline 0.001 -16"><span class='ocrx_word' id='word_1_1' title='bbox 142 190 176 242; x_wconf 70' lang='lat'>28</span> <span class='ocrx_word' id='word_1_2' title='bbox 262 197 360 245; x_wconf 78' lang='lat' dir='ltr'><strong>PHIL.</strong></span> <span class='ocrx_word' id='word_1_3' title='bbox 379 197 455 243; x_wconf 88' lang='lat' dir='ltr'><strong>IUD.</strong></span> <span class='ocrx_word' id='word_1_4' title='bbox 476 193 637 250; x_wconf 83' lang='lat' dir='ltr'><strong>QUAEST.</strong></span> <span class='ocrx_word' id='word_1_5' title='bbox 655 193 704 240; x_wconf 84' lang='lat' dir='ltr'>ET</span> <span class='ocrx_word' id='word_1_6' title='bbox 723 195 801 240; x_wconf 79' lang='lat' dir='ltr'>soL.</span> <span class='ocrx_word' id='word_1_7' title='bbox 822 189 863 256; x_wconf 83' lang='grc'><strong>[[1,</strong></span> <span class='ocrx_word' id='word_1_8' title='bbox 876 195 946 258; x_wconf 80' lang='lat' dir='ltr'>tto.]</span> 
     </span>
    </p>
   </div>
   <div class='ocr_carea' id='block_1_2' title="bbox 141 293 946 592">
    <p class='ocr_par' dir='ltr' id='par_1_2' title="bbox 141 293 946 592">
     <span class='ocr_line' id='line_1_2' title="bbox 142 293 946 367; baseline 0.001 -17"><span class='ocrx_word' id='word_1_9' title='bbox 142 297 368 366; x_wconf 67' lang='lat' dir='ltr'>alimoniaeque,</span> <span class='ocrx_word' id='word_1_10' title='bbox 384 296 493 349; x_wconf 84' lang='lat' dir='ltr'>diluens</span> <span class='ocrx_word' id='word_1_11' title='bbox 503 294 645 348; x_wconf 87' lang='lat' dir='ltr'>sinistram</span> <span class='ocrx_word' id='word_1_12' title='bbox 655 293 838 350; x_wconf 84' lang='lat' dir='ltr'>eruditionem</span> <span class='ocrx_word' id='word_1_13' title='bbox 847 295 882 367; x_wconf 87' lang='lat' dir='ltr'>(s.</span> <span class='ocrx_word' id='word_1_14' title='bbox 894 299 946 352; x_wconf 86' lang='lat' dir='ltr'>in-</span> 
     </span>
     <span class='ocr_line' id='line_1_3' title="bbox 141 367 941 441; baseline 0.004 -17"><span class='ocrx_word' id='word_1_15' title='bbox 141 370 344 441; x_wconf 86' lang='lat' dir='ltr'>eruditionem).</span> <span class='ocrx_word' id='word_1_16' title='bbox 383 371 455 422; x_wconf 92' lang='lat' dir='ltr'>Laus</span> <span class='ocrx_word' id='word_1_17' title='bbox 473 376 516 422; x_wconf 89' lang='lat' dir='ltr'>est</span> <span class='ocrx_word' id='word_1_18' title='bbox 536 376 627 426; x_wconf 90' lang='lat' dir='ltr'>autem</span> <span class='ocrx_word' id='word_1_19' title='bbox 647 367 723 422; x_wconf 89' lang='lat' dir='ltr'>locus</span> <span class='ocrx_word' id='word_1_20' title='bbox 743 370 803 438; x_wconf 89' lang='lat' dir='ltr'>ipse</span> <span class='ocrx_word' id='word_1_21' title='bbox 818 371 941 438; x_wconf 72' lang='lat' dir='ltr'>animae,</span> 
     </span>
     <span class='ocr_line' id='line_1_4' title="bbox 142 442 943 515; baseline 0.004 -17"><span class='ocrx_word' id='word_1_22' title='bbox 142 462 213 515; x_wconf 89' lang='lat' dir='ltr'>quae</span> <span class='ocrx_word' id='word_1_23' title='bbox 222 443 373 499; x_wconf 90' lang='lat' dir='ltr'>-sitibunda</span> <span class='ocrx_word' id='word_1_24' title='bbox 392 451 435 498; x_wconf 88' lang='lat' dir='ltr'>est</span> <span class='ocrx_word' id='word_1_25' title='bbox 453 442 488 496; x_wconf 90' lang='lat' dir='ltr'>ad</span> <span class='ocrx_word' id='word_1_26' title='bbox 509 443 654 514; x_wconf 82' lang='lat' dir='ltr'>ingenium</span> <span class='ocrx_word' id='word_1_27' title='bbox 668 443 864 515; x_wconf 76' lang='lat' dir='ltr'>placidamque</span> <span class='ocrx_word' id='word_1_28' title='bbox 876 448 943 500; x_wconf 91' lang='lat' dir='ltr'>eius</span> 
     </span>
     <span class='ocr_line' id='line_1_5' title="bbox 142 516 943 592; baseline 0.001 -19"><span class='ocrx_word' id='word_1_29' title='bbox 142 519 245 592; x_wconf 78' lang='lat' dir='ltr'>legem,</span> <span class='ocrx_word' id='word_1_30' title='bbox 267 519 381 588; x_wconf 91' lang='lat' dir='ltr'>cupiens</span> <span class='ocrx_word' id='word_1_31' title='bbox 395 525 427 570; x_wconf 89' lang='lat' dir='ltr'>ut</span> <span class='ocrx_word' id='word_1_32' title='bbox 440 517 550 572; x_wconf 78' lang='lat' dir='ltr'><strong>hauriat</strong></span> <span class='ocrx_word' id='word_1_33' title='bbox 563 533 662 588; x_wconf 87' lang='lat' dir='ltr'>aquarn</span> <span class='ocrx_word' id='word_1_34' title='bbox 677 516 734 571; x_wconf 89' lang='lat' dir='ltr'>fere</span> <span class='ocrx_word' id='word_1_35' title='bbox 747 535 803 572; x_wconf 87' lang='lat' dir='ltr'>una</span> <span class='ocrx_word' id='word_1_36' title='bbox 818 536 881 572; x_wconf 90' lang='lat' dir='ltr'>cum</span> <span class='ocrx_word' id='word_1_37' title='bbox 892 538 943 574; x_wconf 92' lang='lat' dir='ltr'>so-</span> 
     </span>
    </p>
   </div>
   <div class='ocr_carea' id='block_1_3' title="bbox 142 591 1010 664">
    <p class='ocr_par' dir='ltr' id='par_1_3' title="bbox 142 591 1010 664">
     <span class='ocr_line' id='line_1_6' title="bbox 142 591 1010 664; baseline 0.002 -16"><span class='ocrx_word' id='word_1_38' title='bbox 142 595 238 664; x_wconf 84' lang='lat' dir='ltr'>cietate</span> <span class='ocrx_word' id='word_1_39' title='bbox 251 591 464 662; x_wconf 90' lang='lat' dir='ltr'>compotantium</span> <span class='ocrx_word' id='word_1_40' title='bbox 477 592 589 646; x_wconf 84' lang='lat' dir='ltr'>vinum:</span> <span class='ocrx_word' id='word_1_41' title='bbox 614 591 657 646; x_wconf 88' lang='lat' dir='ltr'>sio</span> <span class='ocrx_word' id='word_1_42' title='bbox 671 592 746 648; x_wconf 90' lang='lat' dir='ltr'>enim</span> <span class='ocrx_word' id='word_1_43' title='bbox 760 603 943 650; x_wconf 76' lang='lat' dir='ltr'><strong>conversatur</strong></span> <span class='ocrx_word' id='word_1_44' title='bbox 1008 655 1010 657; x_wconf 63' lang='grc'><strong>,</strong></span> 
     </span>
    </p>
   </div>
   <div class='ocr_carea' id='block_1_4' title="bbox 141 665 942 736">
    <p class='ocr_par' dir='ltr' id='par_1_4' title="bbox 141 665 942 736">
     <span class='ocr_line' id='line_1_7' title="bbox 141 665 942 736; baseline 0 -12"><span class='ocrx_word' id='word_1_45' title='bbox 141 685 205 724; x_wconf 92' lang='lat' dir='ltr'>cum</span> <span class='ocrx_word' id='word_1_46' title='bbox 215 666 285 728; x_wconf 88' lang='lat' dir='ltr'>illis,</span> <span class='ocrx_word' id='word_1_47' title='bbox 300 666 349 736; x_wconf 87' lang='lat' dir='ltr'>qui</span> <span class='ocrx_word' id='word_1_48' title='bbox 360 666 555 721; x_wconf 79' lang='lat' dir='ltr'>exercitatione</span> <span class='ocrx_word' id='word_1_49' title='bbox 566 665 776 736; x_wconf 87' lang='lat' dir='ltr'>disciplinarum</span> <span class='ocrx_word' id='word_1_50' title='bbox 787 677 942 724; x_wconf 89' lang='lat' dir='ltr'>vescuntur</span> 
     </span>
    </p>
   </div>
   <div class='ocr_carea' id='block_1_5' title="bbox 135 740 1021 1560">
    <p class='ocr_par' dir='ltr' id='par_1_5' title="bbox 135 740 1021 1560">
     <span class='ocr_line' id='line_1_8' title="bbox 139 740 1021 811; baseline -0.001 -13"><span class='ocrx_word' id='word_1_51' title='bbox 139 759 173 798; x_wconf 85' lang='lat' dir='ltr'>ac</span> <span class='ocrx_word' id='word_1_52' title='bbox 186 741 368 807; x_wconf 80' lang='lat' dir='ltr'>delectantur3</span> <span class='ocrx_word' id='word_1_53' title='bbox 395 740 445 794; x_wconf 93' lang='lat' dir='ltr'>ubi</span> <span class='ocrx_word' id='word_1_54' title='bbox 459 748 556 794; x_wconf 88' lang='lat' dir='ltr'>natura</span> <span class='ocrx_word' id='word_1_55' title='bbox 571 741 631 811; x_wconf 90' lang='lat' dir='ltr'>ipsa</span> <span class='ocrx_word' id='word_1_56' title='bbox 645 740 759 811; x_wconf 90' lang='lat' dir='ltr'>praebet</span> <span class='ocrx_word' id='word_1_57' title='bbox 771 741 942 798; x_wconf 82' lang='lat' dir='ltr'>satisfactio·</span> <span class='ocrx_word' id='word_1_58' title='bbox 1013 767 1021 806; x_wconf 68' lang='grc'>1</span> 
     </span>
     <span class='ocr_line' id='line_1_9' title="bbox 140 813 1012 885; baseline 0 -13"><span class='ocrx_word' id='word_1_59' title='bbox 140 833 202 872; x_wconf 90' lang='lat' dir='ltr'>nem</span> <span class='ocrx_word' id='word_1_60' title='bbox 220 821 360 885; x_wconf 78' lang='lat' dir='ltr'><strong>tamquam</strong></span> <span class='ocrx_word' id='word_1_61' title='bbox 380 831 415 868; x_wconf 84' lang='lat' dir='ltr'>ex</span> <span class='ocrx_word' id='word_1_62' title='bbox 435 815 509 870; x_wconf 85' lang='lat' dir='ltr'>fonte</span> <span class='ocrx_word' id='word_1_63' title='bbox 528 813 648 885; x_wconf 91' lang='lat' dir='ltr'>quodam</span> <span class='ocrx_word' id='word_1_64' title='bbox 663 813 814 870; x_wconf 86' lang='lat' dir='ltr'><strong>doctrinam</strong></span> <span class='ocrx_word' id='word_1_65' title='bbox 829 824 855 870; x_wconf 91' lang='lat' dir='ltr'>et</span> <span class='ocrx_word' id='word_1_66' title='bbox 870 833 942 872; x_wconf 89' lang='lat' dir='ltr'>con·</span> <span class='ocrx_word' id='word_1_67' title='bbox 1010 843 1012 850; x_wconf 29' lang='lat' dir='ltr'>a</span> 
     </span>
     <span class='ocr_line' id='line_1_10' title="bbox 140 887 1021 962; baseline 0.001 -17"><span class='ocrx_word' id='word_1_68' title='bbox 140 891 306 945; x_wconf 87' lang='lat' dir='ltr'>ductionem.</span> <span class='ocrx_word' id='word_1_69' title='bbox 350 887 481 956; x_wconf 87' lang='lat' dir='ltr'>Quartum</span> <span class='ocrx_word' id='word_1_70' title='bbox 501 905 567 944; x_wconf 89' lang='lat' dir='ltr'>vero</span> <span class='ocrx_word' id='word_1_71' title='bbox 585 889 756 962; x_wconf 84' lang='lat' dir='ltr'>symbolum,</span> <span class='ocrx_word' id='word_1_72' title='bbox 787 894 815 944; x_wconf 79' lang='lat' dir='ltr'>in</span> <span class='ocrx_word' id='word_1_73' title='bbox 836 895 941 946; x_wconf 80' lang='lat' dir='ltr'>desorto</span> <span class='ocrx_word' id='word_1_74' title='bbox 1010 917 1021 959; x_wconf 77' lang='lat' dir='ltr'>&#39;l</span> 
     </span>
     <span class='ocr_line' id='line_1_11' title="bbox 139 963 1021 1036; baseline 0 -17"><span class='ocrx_word' id='word_1_75' title='bbox 139 966 224 1020; x_wconf 87' lang='lat' dir='ltr'>luisse</span> <span class='ocrx_word' id='word_1_76' title='bbox 235 963 435 1018; x_wconf 84' lang='lat' dir='ltr'>inventionem:</span> <span class='ocrx_word' id='word_1_77' title='bbox 462 964 594 1035; x_wconf 90' lang='lat' dir='ltr'>quoniam</span> <span class='ocrx_word' id='word_1_78' title='bbox 605 964 732 1035; x_wconf 85' lang='lat' dir='ltr'>angustia</span> <span class='ocrx_word' id='word_1_79' title='bbox 742 964 860 1036; x_wconf 84' lang='lat' dir='ltr'>singulis</span> <span class='ocrx_word' id='word_1_80' title='bbox 871 982 941 1020; x_wconf 89' lang='lat' dir='ltr'>sen·</span> <span class='ocrx_word' id='word_1_81' title='bbox 1014 999 1021 1035; x_wconf 49' lang='lat'>,3</span> 
     </span>
     <span class='ocr_line' id='line_1_12' title="bbox 137 1037 1021 1111; baseline 0.001 -18"><span class='ocrx_word' id='word_1_82' title='bbox 137 1039 216 1094; x_wconf 91' lang='lat' dir='ltr'>sibus</span> <span class='ocrx_word' id='word_1_83' title='bbox 230 1040 429 1108; x_wconf 90' lang='lat' dir='ltr'>superveniens</span> <span class='ocrx_word' id='word_1_84' title='bbox 443 1055 498 1092; x_wconf 91' lang='lat' dir='ltr'>una</span> <span class='ocrx_word' id='word_1_85' title='bbox 517 1055 580 1092; x_wconf 93' lang='lat' dir='ltr'>cum</span> <span class='ocrx_word' id='word_1_86' title='bbox 601 1037 743 1093; x_wconf 88' lang='lat' dir='ltr'>influentia</span> <span class='ocrx_word' id='word_1_87' title='bbox 762 1039 940 1111; x_wconf 83' lang='lat' dir='ltr'>singularum</span> <span class='ocrx_word' id='word_1_88' title='bbox 1015 1057 1021 1082; x_wconf 59' lang='grc'>1</span> 
     </span>
     <span class='ocr_line' id='line_1_13' title="bbox 137 1111 1021 1188; baseline 0.001 -21"><span class='ocrx_word' id='word_1_89' title='bbox 137 1111 321 1184; x_wconf 85' lang='lat' dir='ltr'>cupiditatum</span> <span class='ocrx_word' id='word_1_90' title='bbox 330 1113 483 1188; x_wconf 86' lang='lat' dir='ltr'>supprimit</span> <span class='ocrx_word' id='word_1_91' title='bbox 489 1114 611 1168; x_wconf 88' lang='lat' dir='ltr'>animum</span> <span class='ocrx_word' id='word_1_92' title='bbox 620 1121 649 1167; x_wconf 73' lang='lat' dir='ltr'>&#39;et</span> <span class='ocrx_word' id='word_1_93' title='bbox 659 1129 713 1168; x_wconf 90' lang='lat' dir='ltr'>non</span> <span class='ocrx_word' id='word_1_94' title='bbox 724 1114 857 1183; x_wconf 90' lang='lat' dir='ltr'>permittit</span> <span class='ocrx_word' id='word_1_95' title='bbox 870 1113 940 1168; x_wconf 90' lang='lat' dir='ltr'>lim·</span> <span class='ocrx_word' id='word_1_96' title='bbox 1010 1145 1021 1183; x_wconf 64' lang='grc'><strong>-1</strong></span> 
     </span>
     <span class='ocr_line' id='line_1_14' title="bbox 136 1185 1018 1261; baseline 0.003 -21"><span class='ocrx_word' id='word_1_97' title='bbox 136 1187 231 1259; x_wconf 92' lang='lat' dir='ltr'>pidam</span> <span class='ocrx_word' id='word_1_98' title='bbox 246 1187 343 1245; x_wconf 88' lang='lat' dir='ltr'>bibere</span> <span class='ocrx_word' id='word_1_99' title='bbox 357 1206 470 1261; x_wconf 87' lang='lat' dir='ltr'>aquam;</span> <span class='ocrx_word' id='word_1_100' title='bbox 497 1187 547 1242; x_wconf 90' lang='lat' dir='ltr'>sed</span> <span class='ocrx_word' id='word_1_101' title='bbox 561 1185 672 1258; x_wconf 89' lang='lat' dir='ltr'>quando</span> <span class='ocrx_word' id='word_1_102' title='bbox 687 1187 790 1242; x_wconf 89' lang='lat' dir='ltr'>evitare</span> <span class='ocrx_word' id='word_1_103' title='bbox 804 1187 939 1260; x_wconf 88' lang='lat' dir='ltr'>haecpo-</span> <span class='ocrx_word' id='word_1_104' title='bbox 1016 1252 1018 1254; x_wconf 18' lang='lat'>¹</span> 
     </span>
     <span class='ocr_line' id='line_1_15' title="bbox 135 1263 1021 1337; baseline 0.005 -22"><span class='ocrx_word' id='word_1_105' title='bbox 135 1263 213 1326; x_wconf 84' lang='lat' dir='ltr'>terit,</span> <span class='ocrx_word' id='word_1_106' title='bbox 233 1271 374 1337; x_wconf 89' lang='lat' dir='ltr'>tamquam</span> <span class='ocrx_word' id='word_1_107' title='bbox 389 1266 418 1320; x_wconf 92' lang='lat' dir='ltr'>in</span> <span class='ocrx_word' id='word_1_108' title='bbox 433 1264 541 1318; x_wconf 90' lang='lat' dir='ltr'>deserto</span> <span class='ocrx_word' id='word_1_109' title='bbox 556 1263 707 1333; x_wconf 80' lang='lat' dir='ltr'>acquiescit</span> <span class='ocrx_word' id='word_1_110' title='bbox 723 1270 804 1333; x_wconf 88' lang='lat' dir='ltr'>atquc</span> <span class='ocrx_word' id='word_1_111' title='bbox 823 1279 938 1319; x_wconf 90' lang='lat' dir='ltr'>cessans</span> <span class='ocrx_word' id='word_1_112' title='bbox 1017 1301 1021 1334; x_wconf 54' lang='grc'>1</span> 
     </span>
     <span class='ocr_line' id='line_1_16' title="bbox 136 1335 1021 1409; baseline 0.003 -19"><span class='ocrx_word' id='word_1_113' title='bbox 136 1335 171 1390; x_wconf 93' lang='lat' dir='ltr'>de</span> <span class='ocrx_word' id='word_1_114' title='bbox 181 1339 394 1408; x_wconf 77' lang='lat' dir='ltr'>cogitationibus</span> <span class='ocrx_word' id='word_1_115' title='bbox 404 1356 434 1393; x_wconf 93' lang='lat' dir='ltr'>se</span> <span class='ocrx_word' id='word_1_116' title='bbox 450 1335 678 1392; x_wconf 86' lang='lat' dir='ltr'>conturbantibus</span> <span class='ocrx_word' id='word_1_117' title='bbox 694 1337 873 1401; x_wconf 85' lang='lat' dir='ltr'>convalescit,</span> <span class='ocrx_word' id='word_1_118' title='bbox 896 1339 937 1393; x_wconf 87' lang='lat' dir='ltr'>ita</span> <span class='ocrx_word' id='word_1_119' title='bbox 1020 1374 1021 1409; x_wconf 52' lang='grc'><strong>1</strong></span> 
     </span>
     <span class='ocr_line' id='line_1_17' title="bbox 135 1411 1021 1484; baseline 0.001 -19"><span class='ocrx_word' id='word_1_120' title='bbox 135 1419 166 1465; x_wconf 92' lang='lat' dir='ltr'>ut</span> <span class='ocrx_word' id='word_1_121' title='bbox 176 1429 255 1482; x_wconf 88' lang='lat' dir='ltr'>spem</span> <span class='ocrx_word' id='word_1_122' title='bbox 265 1415 380 1484; x_wconf 88' lang='lat' dir='ltr'>recipiat</span> <span class='ocrx_word' id='word_1_123' title='bbox 390 1429 443 1466; x_wconf 93' lang='lat' dir='ltr'>non</span> <span class='ocrx_word' id='word_1_124' title='bbox 454 1413 528 1468; x_wconf 90' lang='lat' dir='ltr'>vitae</span> <span class='ocrx_word' id='word_1_125' title='bbox 541 1411 644 1476; x_wconf 88' lang='lat' dir='ltr'>solum,</span> <span class='ocrx_word' id='word_1_126' title='bbox 667 1411 716 1465; x_wconf 88' lang='lat' dir='ltr'>sad</span> <span class='ocrx_word' id='word_1_127' title='bbox 728 1413 809 1466; x_wconf 88' lang='lat' dir='ltr'>etiam</span> <span class='ocrx_word' id='word_1_128' title='bbox 820 1413 936 1466; x_wconf 89' lang='lat' dir='ltr'>immor·</span> <span class='ocrx_word' id='word_1_129' title='bbox 1020 1447 1021 1480; x_wconf 55' lang='lat'><em>3</em></span> 
     </span>
     <span class='ocr_line' id='line_1_18' title="bbox 135 1485 1021 1560; baseline 0.002 -21"><span class='ocrx_word' id='word_1_130' title='bbox 135 1485 199 1540; x_wconf 89' lang='lat' dir='ltr'>talis</span> <span class='ocrx_word' id='word_1_131' title='bbox 209 1487 292 1542; x_wconf 85' lang='lat' dir='ltr'>vitae.</span> <span class='ocrx_word' id='word_1_132' title='bbox 323 1485 456 1553; x_wconf 88' lang='lat' dir='ltr'>Quintum</span> <span class='ocrx_word' id='word_1_133' title='bbox 465 1494 523 1540; x_wconf 91' lang='lat' dir='ltr'>erat</span> <span class='ocrx_word' id='word_1_134' title='bbox 532 1486 697 1559; x_wconf 85' lang='lat' dir='ltr'>symbolum,</span> <span class='ocrx_word' id='word_1_135' title='bbox 710 1491 738 1540; x_wconf 81' lang='lat' dir='ltr'>iu</span> <span class='ocrx_word' id='word_1_136' title='bbox 747 1493 791 1541; x_wconf 78' lang='lat' dir='ltr'>eie</span> <span class='ocrx_word' id='word_1_137' title='bbox 801 1486 933 1560; x_wconf 84' lang='lat' dir='ltr'>reperiri:</span> <span class='ocrx_word' id='word_1_138' title='bbox 1020 1523 1021 1557; x_wconf 63' lang='grc'>1</span> 
     </span>
    </p>
   </div>
   <div class='ocr_carea' id='block_1_6' title="bbox 135 1557 932 1638">
    <p class='ocr_par' dir='ltr' id='par_1_6' title="bbox 135 1557 932 1638">
     <span class='ocr_line' id='line_1_19' title="bbox 135 1557 932 1638; baseline 0.003 -24"><span class='ocrx_word' id='word_1_139' title='bbox 135 1561 472 1638; x_wconf 66' lang='grc'><strong>113111111131113311131111113</strong></span> <span class='ocrx_word' id='word_1_140' title='bbox 486 1557 576 1615; x_wconf 86' lang='lat' dir='ltr'>mores</span> <span class='ocrx_word' id='word_1_141' title='bbox 592 1578 642 1632; x_wconf 90' lang='lat' dir='ltr'>per</span> <span class='ocrx_word' id='word_1_142' title='bbox 651 1562 787 1633; x_wconf 84' lang='lat' dir='ltr'>impervia</span> <span class='ocrx_word' id='word_1_143' title='bbox 798 1571 932 1635; x_wconf 57' lang='lat' dir='ltr'>aguntum</span> 
     </span>
    </p>
   </div>
   <div class='ocr_carea' id='block_1_7' title="bbox 134 1622 1021 1913">
    <p class='ocr_par' dir='ltr' id='par_1_7' title="bbox 134 1622 1021 1913">
     <span class='ocr_line' id='line_1_20' title="bbox 135 1622 1021 1707; baseline 0 -16"><span class='ocrx_word' id='word_1_144' title='bbox 135 1636 184 1707; x_wconf 88' lang='lat' dir='ltr'>qui</span> <span class='ocrx_word' id='word_1_145' title='bbox 204 1653 269 1691; x_wconf 90' lang='lat' dir='ltr'>vero</span> <span class='ocrx_word' id='word_1_146' title='bbox 288 1636 318 1697; x_wconf 88' lang='lat' dir='ltr'>in</span> <span class='ocrx_word' id='word_1_147' title='bbox 337 1636 437 1689; x_wconf 91' lang='lat' dir='ltr'>melius</span> <span class='ocrx_word' id='word_1_148' title='bbox 457 1636 528 1690; x_wconf 89' lang='lat' dir='ltr'>verti</span> <span class='ocrx_word' id='word_1_149' title='bbox 548 1643 650 1706; x_wconf 84' lang='lat' dir='ltr'>potest,</span> <span class='ocrx_word' id='word_1_150' title='bbox 676 1652 740 1690; x_wconf 91' lang='lat' dir='ltr'>ecce</span> <span class='ocrx_word' id='word_1_151' title='bbox 755 1637 829 1691; x_wconf 88' lang='lat' dir='ltr'>viam</span> <span class='ocrx_word' id='word_1_152' title='bbox 843 1636 936 1691; x_wconf 89' lang='lat' dir='ltr'>tendit</span> <span class='ocrx_word' id='word_1_153' title='bbox 1020 1622 1021 1699; x_wconf 56' lang='grc'>1</span> 
     </span>
     <span class='ocr_line' id='line_1_21' title="bbox 134 1708 1021 1785; baseline 0.002 -21"><span class='ocrx_word' id='word_1_154' title='bbox 134 1728 209 1782; x_wconf 86' lang='lat' dir='ltr'>eam,</span> <span class='ocrx_word' id='word_1_155' title='bbox 229 1727 301 1782; x_wconf 90' lang='lat' dir='ltr'>quae</span> <span class='ocrx_word' id='word_1_156' title='bbox 320 1708 398 1764; x_wconf 93' lang='lat' dir='ltr'>ducit</span> <span class='ocrx_word' id='word_1_157' title='bbox 417 1709 452 1763; x_wconf 90' lang='lat' dir='ltr'>ad</span> <span class='ocrx_word' id='word_1_158' title='bbox 471 1712 612 1764; x_wconf 90' lang='lat' dir='ltr'>virtutem.</span> <span class='ocrx_word' id='word_1_159' title='bbox 652 1710 700 1763; x_wconf 91' lang='lat' dir='ltr'>llla</span> <span class='ocrx_word' id='word_1_160' title='bbox 717 1720 808 1785; x_wconf 89' lang='lat' dir='ltr'>autem</span> <span class='ocrx_word' id='word_1_161' title='bbox 822 1711 868 1765; x_wconf 90' lang='lat' dir='ltr'>via</span> <span class='ocrx_word' id='word_1_162' title='bbox 882 1729 935 1783; x_wconf 92' lang='lat' dir='ltr'>pro</span> <span class='ocrx_word' id='word_1_163' title='bbox 1016 1728 1021 1775; x_wconf 63' lang='grc'>1</span> 
     </span>
     <span class='ocr_line' id='line_1_22' title="bbox 134 1784 1021 1913; baseline 0.003 -73"><span class='ocrx_word' id='word_1_164' title='bbox 134 1786 251 1840; x_wconf 91' lang='lat' dir='ltr'>moeniis</span> <span class='ocrx_word' id='word_1_165' title='bbox 262 1792 303 1839; x_wconf 89' lang='lat' dir='ltr'>est</span> <span class='ocrx_word' id='word_1_166' title='bbox 313 1793 340 1838; x_wconf 92' lang='lat' dir='ltr'>et</span> <span class='ocrx_word' id='word_1_167' title='bbox 350 1784 462 1840; x_wconf 87' lang='lat' dir='ltr'>custode</span> <span class='ocrx_word' id='word_1_168' title='bbox 473 1786 588 1848; x_wconf 88' lang='lat' dir='ltr'>animis,</span> <span class='ocrx_word' id='word_1_169' title='bbox 609 1794 804 1913; x_wconf 80' lang='lat' dir='ltr'>quaepossunt</span> <span class='ocrx_word' id='word_1_170' title='bbox 814 1786 932 1841; x_wconf 87' lang='lat' dir='ltr'>salvari:</span> <span class='ocrx_word' id='word_1_171' title='bbox 1020 1822 1021 1843; x_wconf 62' lang='lat'>2</span> 
     </span>
    </p>
   </div>
   <div class='ocr_carea' id='block_1_8' title="bbox 132 1858 934 2155">
    <p class='ocr_par' dir='ltr' id='par_1_8' title="bbox 132 1858 934 2155">
     <span class='ocr_line' id='line_1_23' title="bbox 134 1858 934 1933; baseline 0 -19"><span class='ocrx_word' id='word_1_172' title='bbox 134 1860 188 1914; x_wconf 86' lang='lat' dir='ltr'>Sur</span> <span class='ocrx_word' id='word_1_173' title='bbox 198 1860 272 1913; x_wconf 90' lang='lat' dir='ltr'>enim</span> <span class='ocrx_word' id='word_1_174' title='bbox 282 1865 383 1913; x_wconf 73' lang='lat' dir='ltr'>moenio</span> <span class='ocrx_word' id='word_1_175' title='bbox 395 1868 482 1914; x_wconf 88' lang='lat' dir='ltr'>sonat.</span> <span class='ocrx_word' id='word_1_176' title='bbox 524 1858 618 1929; x_wconf 78' lang='lat' dir='ltr'>Viden¹</span> <span class='ocrx_word' id='word_1_177' title='bbox 629 1875 683 1929; x_wconf 92' lang='lat' dir='ltr'>quo</span> <span class='ocrx_word' id='word_1_178' title='bbox 718 1867 804 1914; x_wconf 88' lang='lat' dir='ltr'>toturn</span> <span class='ocrx_word' id='word_1_179' title='bbox 819 1861 934 1933; x_wconf 79' lang='lat' dir='ltr'>symbo-</span> 
     </span>
     <span class='ocr_line' id='line_1_24' title="bbox 135 1932 934 2007; baseline 0.004 -20"><span class='ocrx_word' id='word_1_180' title='bbox 135 1934 188 1987; x_wconf 91' lang='lat' dir='ltr'>lice</span> <span class='ocrx_word' id='word_1_181' title='bbox 202 1937 240 2006; x_wconf 88' lang='lat' dir='ltr'>(s.</span> <span class='ocrx_word' id='word_1_182' title='bbox 257 1933 393 2006; x_wconf 83' lang='lat' dir='ltr'>legitima)</span> <span class='ocrx_word' id='word_1_183' title='bbox 407 1933 494 2007; x_wconf 75' lang='lat' dir='ltr'>ligura</span> <span class='ocrx_word' id='word_1_184' title='bbox 510 1940 552 1987; x_wconf 92' lang='lat' dir='ltr'>est</span> <span class='ocrx_word' id='word_1_185' title='bbox 566 1934 674 1988; x_wconf 89' lang='lat' dir='ltr'>animae</span> <span class='ocrx_word' id='word_1_186' title='bbox 687 1932 875 2005; x_wconf 76' lang='lat' dir='ltr'>proficientis?</span> <span class='ocrx_word' id='word_1_187' title='bbox 905 1944 934 1990; x_wconf 91' lang='lat' dir='ltr'>et</span> 
     </span>
     <span class='ocr_line' id='line_1_25' title="bbox 132 1994 933 2081; baseline 0.002 -20"><span class='ocrx_word' id='word_1_188' title='bbox 132 2008 254 2079; x_wconf 83' lang='lat' dir='ltr'>prolecto</span> <span class='ocrx_word' id='word_1_189' title='bbox 273 2025 326 2061; x_wconf 92' lang='lat' dir='ltr'>non</span> <span class='ocrx_word' id='word_1_190' title='bbox 348 2005 384 2081; x_wconf 73' lang='lat'><strong><em>[³¹⁵]</em></strong></span> <span class='ocrx_word' id='word_1_191' title='bbox 405 2009 477 2079; x_wconf 89' lang='lat' dir='ltr'>perit</span> <span class='ocrx_word' id='word_1_192' title='bbox 493 2006 654 2080; x_wconf 84' lang='lat' dir='ltr'>proficiens,</span> <span class='ocrx_word' id='word_1_193' title='bbox 678 2009 751 2064; x_wconf 90' lang='lat' dir='ltr'>sicut</span> <span class='ocrx_word' id='word_1_194' title='bbox 763 2009 846 2080; x_wconf 90' lang='lat' dir='ltr'>plane</span> <span class='ocrx_word' id='word_1_195' title='bbox 859 1994 933 2081; x_wconf 84' lang='lat' dir='ltr'>insi-</span> 
     </span>
     <span class='ocr_line' id='line_1_26' title="bbox 133 2080 933 2155; baseline 0.003 -20"><span class='ocrx_word' id='word_1_196' title='bbox 133 2083 223 2153; x_wconf 86' lang='lat' dir='ltr'>piens.</span> <span class='ocrx_word' id='word_1_197' title='bbox 263 2082 332 2136; x_wconf 91' lang='lat' dir='ltr'>Nam</span> <span class='ocrx_word' id='word_1_198' title='bbox 347 2082 371 2135; x_wconf 93' lang='lat' dir='ltr'>si</span> <span class='ocrx_word' id='word_1_199' title='bbox 385 2083 543 2137; x_wconf 85' lang='lat' dir='ltr'>inveniatur</span> <span class='ocrx_word' id='word_1_200' title='bbox 557 2080 591 2153; x_wconf 87' lang='lat' dir='ltr'>(s.</span> <span class='ocrx_word' id='word_1_201' title='bbox 607 2081 739 2155; x_wconf 88' lang='lat' dir='ltr'>inveniat)</span> <span class='ocrx_word' id='word_1_202' title='bbox 755 2083 933 2139; x_wconf 55' lang='lat' dir='ltr'>verbum&#39;di-</span> 
     </span>
    </p>
   </div>
   <div class='ocr_carea' id='block_1_9' title="bbox 133 2156 932 2231">
    <p class='ocr_par' dir='ltr' id='par_1_9' title="bbox 133 2156 932 2231">
     <span class='ocr_line' id='line_1_27' title="bbox 133 2156 932 2231; baseline 0.006 -21"><span class='ocrx_word' id='word_1_203' title='bbox 133 2158 244 2219; x_wconf 88' lang='lat' dir='ltr'>vinum,</span> <span class='ocrx_word' id='word_1_204' title='bbox 261 2156 368 2227; x_wconf 89' lang='lat' dir='ltr'>quaerit</span> <span class='ocrx_word' id='word_1_205' title='bbox 378 2174 438 2211; x_wconf 88' lang='lat' dir='ltr'>eam</span> <span class='ocrx_word' id='word_1_206' title='bbox 453 2156 487 2229; x_wconf 84' lang='lat' dir='ltr'>(s.</span> <span class='ocrx_word' id='word_1_207' title='bbox 498 2156 594 2229; x_wconf 76' lang='lat' dir='ltr'>illudl:</span> <span class='ocrx_word' id='word_1_208' title='bbox 621 2157 776 2228; x_wconf 90' lang='lat' dir='ltr'>etquidem</span> <span class='ocrx_word' id='word_1_209' title='bbox 792 2159 900 2231; x_wconf 82' lang='lat' dir='ltr'>aufugit</span> <span class='ocrx_word' id='word_1_210' title='bbox 916 2178 932 2215; x_wconf 87' lang='lat' dir='ltr'>a</span> 
     </span>
    </p>
   </div>
   <div class='ocr_carea' id='block_1_10' title="bbox 132 2228 932 2305">
    <p class='ocr_par' dir='ltr' id='par_1_10' title="bbox 132 2228 1021 2305">
     <span class='ocr_line' id='line_1_28' title="bbox 132 2228 932 2305; baseline 0.002 -21"><span class='ocrx_word' id='word_1_211' title='bbox 132 2230 217 2285; x_wconf 90' lang='lat' dir='ltr'>verbo</span> <span class='ocrx_word' id='word_1_212' title='bbox 232 2228 340 2294; x_wconf 89' lang='lat' dir='ltr'>divino,</span> <span class='ocrx_word' id='word_1_213' title='bbox 362 2233 411 2302; x_wconf 93' lang='lat' dir='ltr'>qui</span> <span class='ocrx_word' id='word_1_214' title='bbox 426 2231 550 2297; x_wconf 86' lang='lat' dir='ltr'>moribus</span> <span class='ocrx_word' id='word_1_215' title='bbox 565 2247 619 2285; x_wconf 93' lang='lat' dir='ltr'>non</span> <span class='ocrx_word' id='word_1_216' title='bbox 634 2240 676 2285; x_wconf 89' lang='lat' dir='ltr'>est</span> <span class='ocrx_word' id='word_1_217' title='bbox 689 2232 809 2287; x_wconf 91' lang='lat' dir='ltr'>mundus</span> <span class='ocrx_word' id='word_1_218' title='bbox 824 2250 855 2287; x_wconf 90' lang='lat' dir='ltr'>ac</span> <span class='ocrx_word' id='word_1_219' title='bbox 865 2250 932 2305; x_wconf 86' lang='lat' dir='ltr'>pro·</span> 
     </span>
    </p>
   </div>
   <div class='ocr_carea' id='block_1_11' title="bbox 131 2304 932 2601">
    <p class='ocr_par' dir='ltr' id='par_1_11' title="bbox 131 2304 932 2601">
     <span class='ocr_line' id='line_1_29' title="bbox 133 2304 930 2377; baseline 0.005 -19"><span class='ocrx_word' id='word_1_220' title='bbox 133 2306 199 2369; x_wconf 89' lang='lat' dir='ltr'>bus,</span> <span class='ocrx_word' id='word_1_221' title='bbox 215 2304 317 2359; x_wconf 86' lang='lat' dir='ltr'>fontem</span> <span class='ocrx_word' id='word_1_222' title='bbox 328 2312 418 2359; x_wconf 89' lang='lat' dir='ltr'>tamen</span> <span class='ocrx_word' id='word_1_223' title='bbox 428 2305 511 2360; x_wconf 90' lang='lat' dir='ltr'>habet</span> <span class='ocrx_word' id='word_1_224' title='bbox 521 2321 622 2375; x_wconf 85' lang='lat' dir='ltr'>aquae,</span> <span class='ocrx_word' id='word_1_225' title='bbox 637 2322 691 2377; x_wconf 90' lang='lat' dir='ltr'>qua</span> <span class='ocrx_word' id='word_1_226' title='bbox 703 2307 791 2361; x_wconf 88' lang='lat' dir='ltr'>abluit</span> <span class='ocrx_word' id='word_1_227' title='bbox 800 2308 869 2361; x_wconf 88' lang='lat' dir='ltr'>vitia</span> <span class='ocrx_word' id='word_1_228' title='bbox 879 2325 930 2361; x_wconf 86' lang='lat' dir='ltr'>sua</span> 
     </span>
     <span class='ocr_line' id='line_1_30' title="bbox 132 2378 931 2453; baseline 0.003 -20"><span class='ocrx_word' id='word_1_229' title='bbox 132 2388 159 2434; x_wconf 90' lang='lat' dir='ltr'>et</span> <span class='ocrx_word' id='word_1_230' title='bbox 173 2380 306 2443; x_wconf 85' lang='lat' dir='ltr'>malitias,</span> <span class='ocrx_word' id='word_1_231' title='bbox 328 2378 458 2433; x_wconf 85' lang='lat' dir='ltr'>hauriens</span> <span class='ocrx_word' id='word_1_232' title='bbox 477 2378 544 2433; x_wconf 90' lang='lat' dir='ltr'>inde</span> <span class='ocrx_word' id='word_1_233' title='bbox 562 2378 731 2435; x_wconf 85' lang='lat' dir='ltr'>fertilitatem</span> <span class='ocrx_word' id='word_1_234' title='bbox 751 2382 832 2453; x_wconf 83' lang='lat' dir='ltr'>legis.</span> <span class='ocrx_word' id='word_1_235' title='bbox 872 2381 931 2437; x_wconf 84' lang='lat' dir='ltr'>Ad-</span> 
     </span>
     <span class='ocr_line' id='line_1_31' title="bbox 132 2452 932 2532; baseline 0.005 -25"><span class='ocrx_word' id='word_1_236' title='bbox 132 2454 200 2509; x_wconf 89' lang='lat' dir='ltr'>haec</span> <span class='ocrx_word' id='word_1_237' title='bbox 210 2453 350 2508; x_wconf 89' lang='lat' dir='ltr'>desertum</span> <span class='ocrx_word' id='word_1_238' title='bbox 359 2462 431 2508; x_wconf 89' lang='lat' dir='ltr'>amat</span> <span class='ocrx_word' id='word_1_239' title='bbox 446 2453 479 2525; x_wconf 87' lang='lat' dir='ltr'>(a.</span> <span class='ocrx_word' id='word_1_240' title='bbox 491 2452 583 2526; x_wconf 84' lang='lat' dir='ltr'>dicit),</span> <span class='ocrx_word' id='word_1_241' title='bbox 606 2470 660 2525; x_wconf 90' lang='lat' dir='ltr'>quo</span> <span class='ocrx_word' id='word_1_242' title='bbox 670 2454 804 2532; x_wconf 73' lang='lat' dir='ltr'>aufugita</span> <span class='ocrx_word' id='word_1_243' title='bbox 814 2456 892 2511; x_wconf 88' lang='lat' dir='ltr'>vitiis</span> <span class='ocrx_word' id='word_1_244' title='bbox 903 2466 932 2511; x_wconf 92' lang='lat' dir='ltr'>et</span> 
     </span>
     <span class='ocr_line' id='line_1_32' title="bbox 131 2527 930 2601; baseline 0.006 -21"><span class='ocrx_word' id='word_1_245' title='bbox 131 2527 259 2593; x_wconf 86' lang='lat' dir='ltr'>malitiis,</span> <span class='ocrx_word' id='word_1_246' title='bbox 281 2537 308 2582; x_wconf 91' lang='lat' dir='ltr'>et</span> <span class='ocrx_word' id='word_1_247' title='bbox 322 2528 383 2582; x_wconf 91' lang='lat' dir='ltr'>visa</span> <span class='ocrx_word' id='word_1_248' title='bbox 396 2529 507 2583; x_wconf 90' lang='lat' dir='ltr'>virtutis</span> <span class='ocrx_word' id='word_1_249' title='bbox 524 2531 569 2582; x_wconf 90' lang='lat' dir='ltr'>via</span> <span class='ocrx_word' id='word_1_250' title='bbox 583 2530 729 2585; x_wconf 87' lang='lat' dir='ltr'>revertitur</span> <span class='ocrx_word' id='word_1_251' title='bbox 739 2529 773 2584; x_wconf 93' lang='lat' dir='ltr'>ab</span> <span class='ocrx_word' id='word_1_252' title='bbox 784 2530 930 2601; x_wconf 90' lang='lat' dir='ltr'>imperviis</span> 
     </span>
    </p>
   </div>
   <div class='ocr_carea' id='block_1_12' title="bbox 131 2602 1021 2749">
    <p class='ocr_par' dir='ltr' id='par_1_12' title="bbox 131 2602 1021 2757">
     <span class='ocr_line' id='line_1_33' title="bbox 131 2602 1021 2676; baseline 0.008 -23"><span class='ocrx_word' id='word_1_253' title='bbox 131 2602 263 2657; x_wconf 90' lang='lat' dir='ltr'>malitiae.</span> <span class='ocrx_word' id='word_1_254' title='bbox 301 2603 374 2657; x_wconf 86' lang='lat' dir='ltr'>Haec</span> <span class='ocrx_word' id='word_1_255' title='bbox 394 2610 485 2656; x_wconf 88' lang='lat' dir='ltr'>autem</span> <span class='ocrx_word' id='word_1_256' title='bbox 504 2602 596 2656; x_wconf 91' lang='lat' dir='ltr'>omnia</span> <span class='ocrx_word' id='word_1_257' title='bbox 616 2604 723 2658; x_wconf 90' lang='lat' dir='ltr'>moenia</span> <span class='ocrx_word' id='word_1_258' title='bbox 744 2612 809 2660; x_wconf 92' lang='lat' dir='ltr'>sunt</span> <span class='ocrx_word' id='word_1_259' title='bbox 827 2606 883 2676; x_wconf 89' lang='lat' dir='ltr'>ipsi</span> <span class='ocrx_word' id='word_1_260' title='bbox 903 2614 930 2660; x_wconf 88' lang='lat' dir='ltr'>et</span> <span class='ocrx_word' id='word_1_261' title='bbox 1020 2614 1021 2675; x_wconf 63' lang='grc'>1</span> 
     </span>
     <span class='ocr_line' id='line_1_34' title="bbox 132 2675 926 2749; baseline 0.009 -22"><span class='ocrx_word' id='word_1_262' title='bbox 132 2678 270 2742; x_wconf 89' lang='lat' dir='ltr'>custodia,</span> <span class='ocrx_word' id='word_1_263' title='bbox 293 2695 328 2732; x_wconf 89' lang='lat' dir='ltr'>ne</span> <span class='ocrx_word' id='word_1_264' title='bbox 338 2676 458 2748; x_wconf 91' lang='lat' dir='ltr'>quodam</span> <span class='ocrx_word' id='word_1_265' title='bbox 468 2675 550 2731; x_wconf 91' lang='lat' dir='ltr'>modo</span> <span class='ocrx_word' id='word_1_266' title='bbox 560 2675 594 2730; x_wconf 90' lang='lat' dir='ltr'>ab</span> <span class='ocrx_word' id='word_1_267' title='bbox 605 2676 676 2740; x_wconf 89' lang='lat' dir='ltr'>illis,</span> <span class='ocrx_word' id='word_1_268' title='bbox 698 2695 769 2749; x_wconf 89' lang='lat' dir='ltr'>quae</span> <span class='ocrx_word' id='word_1_269' title='bbox 780 2680 926 2745; x_wconf 87' lang='lat' dir='ltr'>invadunt,</span> 
     </span>
    </p>
   </div>
   <div class='ocr_carea' id='block_1_13' title="bbox 0 0 1030 3100">
    <p class='ocr_par' dir='ltr' id='par_1_13' title="bbox 0 0 1030 3100">
     <span class='ocr_line' id='line_1_35' title="bbox 0 0 1030 3100; baseline 0 4"><span class='ocrx_word' id='word_1_270' title='bbox 0 0 1030 3100; x_wconf 95' lang='lat' dir='ltr'> </span> 
     </span>
    </p>
   </div>
  </div>
 </body>
</html>
