2050 3100
65 275 106 339 [Π,
119 271 180 336 397.]
238 277 279 321 IN
299 275 477 322 GENESIR
497 277 624 322 SERMO
643 277 688 324 lv.
819 273 867 325 229

67 450 147 508 Quare
171 449 302 500 dicentibus
324 449 383 512 „Et
405 465 465 498 nanc
486 449 619 499 benedictus
636 466 653 498 a
669 451 787 499 domino“
799 453 867 515 facit

101 533 215 578 causan,
238 527 262 566 et
278 515 479 566 manducaverunt
496 527 520 566 et
539 517 659 566 stemma
680 522 732 581 (26,
754 520 827 576 29s.)

117 641 143 684 8.
168 633 227 683 Non
240 649 288 698 pro
299 635 373 684 laude
384 649 430 683 sua
438 634 547 696 hospitio
556 641 642 698 rogat,
660 649 707 686 nec
716 636 786 684 novit
795 636 864 685 blan-

63 703 115 752 dire
128 708 261 761 strenuus,
280 709 324 750 aut
336 715 470 764 procacem
478 701 603 750 medelam
613 704 713 765 sapiens
723 702 862 763 affectatur,

63 771 107 819 sed
118 769 257 832 propositis
270 768 407 816 uacundiis
421 768 511 829 quibus
525 769 645 831 exagitati
658 771 801 832 praesidere
815 779 863 820 ter·

62 851 124 885 rena
133 835 216 884 sortiti
226 841 291 895 sunt,
302 848 369 883 nunc
378 834 510 884 confitetur
518 849 596 884 unum
604 837 862 896 universitatisdeum‚

62 903 225 953 benedictum
238 915 296 950 eum
310 901 470 962 confitentur,
490 902 534 951 sed
543 903 730 952 continuatione
740 906 862 953 sermonis

61 971 139 1021 etiam
147 969 312 1032 praeteritum
321 983 410 1017 aerum
419 969 558 1030 declarant,
573 972 692 1032 quoniam
701 977 727 1018 et
737 985 804 1020 nunc
813 981 839 1019 et
847 987 863 1020 a

61 1035 187 1099 principio
196 1036 253 1098 ipre
266 1036 371 1084 estsine
384 1035 570 1114 immutadone,
587 1037 628 1084 vel
643 1038 806 1087 ιιιιιιιιιιιιοιιι
819 1038 862 1087 be·
887 1069 889 1073 -

61 1102 227 1162 ιιιιιιιιοιιιι,
252 1115 327 1180 quem
344 1103 440 1165 nosipsi
463 1110 608 1180 suspectum
624 1103 772 1163 habuimus,
793 1119 862 1154 nunc

61 1184 120 1220 vero
134 1169 203 1218 absit
217 1169 298 1218 omnis
311 1169 413 1218 invidia.
450 1163 574 1232 Suscepto
586 1169 663 1231 igitur
676 1182 762 1218 eorum
775 1172 862 1232 poeni·

60 1237 153 1297 mutia,
177 1249 297 1284 mensura
310 1236 490 1314 participantur
508 1236 653 1285 dulcedines
671 1249 717 1297 pro
735 1236 862 1285 existima·

59 1305 143 1364 tione,
161 1317 210 1366 pro
224 1303 334 1351 tentatis
347 1310 432 1353 autem
444 1303 594 1365 allegoriae,
612 1317 659 1365 pro
673 1303 783 1364 hospitio
802 1303 863 1363 quid

59 1372 114 1434 ipse
124 1370 189 1418 iacit
197 1370 359 1418 convocanda
370 1384 425 1420 esee
434 1377 502 1420 trans
512 1383 557 1418 vos
568 1371 654 1432 (marp.
667 1367 808 1432 strenuos),
819 1371 862 1430 qui

59 1451 112 1486 non
124 1436 304 1500 perdurantia
317 1437 428 1497 delictis,
447 1443 535 1500 utpote
552 1436 693 1499 propitialis
712 1442 737 1484 et
755 1435 862 1484 clemen·

60 1505 175 1553 tissimae
189 1509 307 1564 naturae,
326 1503 375 1553 hoc
387 1504 463 1553 modo
477 1517 522 1553 eos
535 1503 696 1567 suscipiendo
709 1516 755 1567 pro
765 1503 827 1553 cibis
836 1510 861 1554 et

59 1572 127 1635 potis
142 1570 305 1632 discipliuae,
325 1578 400 1633 atque
415 1572 553 1634 sapientiae
567 1572 718 1635 spectaculis
736 1572 859 1634 saginant,

60 1652 168 1701 quarum
177 1638 285 1686 esuriem
295 1644 320 1687 et
329 1638 395 1687 sitim
404 1638 526 1699 confessi,
542 1639 594 1687 iem
603 1652 670 1687 nunc
680 1638 859 1698 fruniscantur,

59 1712 88 1754 ιι
96 1705 141 1767 qai
151 1704 268 1753 destinati
277 1712 453 1767 perrexerunt,
472 1719 531 1753 cum
543 1706 763 1755 suutcvenerunt.
798 1704 860 1765 Qui·

59 1774 118 1821 dem
132 1770 270 1820 adversarii
282 1786 365 1821 mores
375 1772 407 1821 ad
417 1772 527 1821 animam
535 1774 689 1833 nocendam,
704 1774 749 1823 sed
758 1787 791 1821 ex
800 1786 860 1821 con-

58 1838 129 1901 tagio
139 1838 237 1887 viantis
247 1839 301 1889 sine
310 1839 443 1903 dispendio
452 1840 528 1887 etiam
536 1840 707 1903 profecerunt,
727 1841 792 1889 unde
802 1854 860 1888 cum

59 1906 142 1955 salute
155 1904 288 1966 liberatos,
306 1906 446 1968 aplurimis
455 1906 573 1955 vitiorum
580 1907 687 1956 nexibus
696 1907 809 1955 insinuat
817 1921 860 1955 eu·

58 1979 137 2033 ratos,
147 1973 283 2035 praecipue
293 1979 377 2023 etune
386 1973 625 2024 medicamentorum
633 1974 856 2036 remediopietatis.

62 2142 143 2201 Quare
163 2144 318 2209 perpetiibua
335 2146 417 2208 pueris
434 2144 521 2208 Isaac,
549 2146 666 2196 venientes
688 2147 730 2210 qui
751 2155 859 2209 quartum

125 2220 232 2340 {gena
241 2210 373 2343 {odetuna
410 2212 519 2262 (literam
542 2230 588 2263 aon
614 2214 729 2263 invenisse
756 2216 860 2275 aquam?

174 2314 181 2339 ,
236 2315 242 2327 .

113 2400 139 2445 9.
164 2392 240 2455 Quod
255 2402 281 2445 et
292 2396 554 2457 iuramentumvocat‚
569 2397 741 2456 cecinnam,
756 2404 860 2473 puteum

56 2462 208 2523 iuramenti,
222 2462 294 2512 fallit.
329 2464 410 2515 Post'
403 2472 544 2531 iuramenta
553 2465 661 2525 antone,
679 2463 798 2539 quicquid
808 2462 861 2522 agit

57 2530 155 2589 iustus,
173 2527 860 2594 hocfuedereflrmarisperetsecundumquadrinitatis
894 2536 902 2545 ·

58 2596 185 2645 virtutem.
221 2594 295 2645 Unde
313 2599 389 2648 etiam
405 2598 478 2648 valde
497 2598 533 2647 ait
546 2599 728 2648 sevenssimam
740 2606 859 2641 vocamus

57 2663 190 2723 virtutem,
212 2665 421 2725 spectatissimum
438 2665 470 2714 ad
488 2665 671 2727 capessendum
691 2660 858 2709 intellectum·

59 2729 168 2777 absume
183 2735 267 2779 autem
280 2732 406 2781 sensualia
419 2736 586 2795 occupantem
597 2742 644 2792 pro
657 2726 759 2775 incertis
773 2736 860 2772 eorum

59 2796 210 2858 momentie3
236 2805 383 2849 ιιιιιιιιιιιι
397 2800 477 2859 enim,
498 2804 524 2847 et
541 2793 741 2846 immutationem
758 2790 861 2853 capiunt
