2050 3100
72 164 175 232 [1,1uu.]
204 169 255 215 DE
273 169 549 218 PROVIDENTIA
568 171 695 218 SERMO
714 172 745 216 11.
843 168 877 220 97

72 273 148 327 enim
159 271 189 325 vi
199 269 361 333 verborum,
377 287 448 341 quae
458 271 608 342 usurpasti,
621 269 730 326 declino
742 271 776 326 ad
786 271 876 346 legem

70 347 225 402 sententiae
240 353 314 414 tuae.
353 345 541 400 Nihilominus
551 345 614 400 volo
629 346 664 400 ad
674 346 820 401 indubiam
830 367 876 403 sa-

70 422 194 494 pientiae
214 418 462 484 confirmationem,
483 428 602 484 caetera,
629 438 821 492 quaecumque
841 423 875 478 ad

70 494 251 566 tranquillam
261 496 447 549 oeconomiam
458 495 708 562 faciunt,.minime
721 496 872 567 subticere,

70 571 177 642 quibus
186 569 305 624 sublatis
315 571 426 625 venusti
436 570 527 625 bravii
537 569 680 646 (βραβεῖον)
690 571 750 635 loco
760 588 876 628 consen-

70 647 180 700 sionem
193 644 372 698 lucrabimur.

129 750 299 828 862'Pn1no.
323 753 372 806 Dio
387 752 515 824 fidenter,
543 753 618 812 haud
629 757 704 812 enim
715 757 875 814 dubitamus

70 845 140 883 sane
150 828 185 883 de
195 828 350 882 necessaria
360 828 506 884 solutione.

126 903 323 962 Anaxareten.
346 901 455 967 Dicam,
474 911 521 958 tua
532 903 656 968 licentia,
673 906 872 969 incunctanter,

69 979 124 1033 etsi
134 995 189 1032 non
199 994 275 1035 esses
285 977 422 1041 hortatus,
442 995 497 1033 nou
507 977 542 1031 de
552 979 691 1035 univorsis
702 997 789 1049 paene
800 981 875 1050 apud
896 1017 899 1021 ,

68 1053 141 1108 alios
152 1051 285 1117 laudatis,
301 1052 350 1106 sed
361 1052 395 1106 de
407 1053 451 1106 his
462 1052 555 1118 rebus,
568 1053 719 1124 quaemihi
730 1053 782 1109 soli
794 1071 876 1108 accu-
967 1131 970 1138 ⁴

67 1129 206 1184 sationem
219 1129 318 1184 mereri
329 1127 470 1184 videntur.

128 1237 172 1290 87.
194 1233 232 1310 [Ἴ
244 1236 393 1293 Ventorum
402 1235 551 1290 violentiae
562 1235 596 1290 ad
611 1234 680 1306 quid
696 1234 783 1290 factae
798 1245 872 1292 sunt.

68 1314 171 1367 sivero
180 1311 273 1365 omnia
283 1309 789 1383 aguntursecundumprovidentiam‘l
801 1312 874 1365 Num

67 1387 149 1451 ideo,
165 1393 197 1441 ut
206 1386 291 1440 undis
300 1383 415 1440 fluctuet
423 1403 512 1450 mare,
531 1393 558 1440 et
567 1387 616 1456 qui
627 1386 679 1439 iter
688 1385 753 1440 illac
768 1384 874 1446 faciunt

68 1469 245 1534 mergantur,
266 1469 314 1515 aut
328 1460 425 1516 saltem
439 1461 526 1515 multo
542 1477 605 1514 oum
626 1460 718 1514 labore
737 1477 874 1533 aegreque

67 1535 232 1594 salventur?
259 1537 283 1592 Ii
296 1544 401 1602 autem,
423 1536 528 1608 quibus
542 1537 635 1609 ignota
645 1543 686 1591 ast
695 1535 813 1593 facilitas
825 1555 874 1593 na-

66 1611 267 1686 vigationis*),
292 1613 322 1666 in
336 1613 397 1683 ipsa
410 1620 481 1667 terra
500 1612 617 1683 penuria
636 1629 728 1666 rernm
746 1630 875 1669 necessa-

66 1690 176 1744 riarum
195 1687 348 1741 laborantes
356 1699 371 1751 ,i
384 1686 456 1742 fama
469 1686 676 1758 opprimuntur,
698 1689 875 1760 quandoqui-

67 1761 247 1834 dem‘(ueuto}
257 1763 383 1833 percussi
394 1762 527 1818 excidunt
537 1762 675 1816 seminum
689 1764 873 1835 arborumque

66 1855 168 1894 omnes
182 1837 288 1891 fructus
302 1837 443 1908 producti,
465 1838 571 1909 passim
585 1854 650 1892 vero
665 1839 767 1893 accidit
780 1841 873 1893 omnia

20 1976 24 1983 ¹
66 1913 149 1968 totali
160 1911 324 1969 arefactione
334 1913 474 1983 corrumpi
483 1929 518 1967 ax
529 1921 611 1967 vento
621 1912 724 1977 calido,
739 1914 874 1985 quemad-

67 1987 186 2043 modum
204 1986 257 2042 sub
276 1987 382 2043 vernali
401 1996 523 2059 tempore
542 1996 634 2042 auster
647 1985 791 2043 flammeus
805 1990 874 2043 solet

69 2079 265 2134 supervenire.

128 2154 171 2205 88.
197 2150 296 2205 Itidem
310 2149 470 2219 pluviarum
485 2148 669 2221 frequentiam
689 2166 779 2204 nonne
798 2151 874 2203 insa-

67 2225 279 2280 niaeestdicere
289 2240 339 2295 pro
349 2223 442 2279 favore
453 2226 594 2296 provisam
604 2241 664 2278 esso
675 2240 690 2277 a
700 2224 761 2278 deo.
780 2224 874 2289 Quon-

67 2288 129 2355 iam
140 2300 213 2371 pluit
227 2316 312 2371 super
327 2300 481 2354 vastitatem
495 2301 580 2371 maris
594 2298 627 2351 ad
644 2297 753 2351 nullum
768 2288 874 2352 emolu-

67 2383 210 2439 mentum,
232 2374 305 2445 pluit
318 2382 345 2428 et
357 2391 443 2446 super
457 2382 544 2428 terrae
559 2374 629 2428 situs
644 2372 733 2444 magis
751 2372 874 2427 desertos

67 2450 324 2521 infructuosasque.
365 2448 452 2519 Saepe
467 2450 551 2511 etiam
564 2456 685 2518 tempore
698 2447 813 2501 minime
823 2464 874 2517 op-

71 2528 193 2598 portuno
213 2524 314 2581 cadens
335 2523 433 2595 pluvia
455 2523 537 2578 valde
556 2521 711 2594 perniciosa
723 2521 871 2599 probatur,

122 2665 145 2715 ⁸)
158 2666 231 2706 Verba
242 2667 296 2706 irasc
308 2664 412 2714 prodant:
435 2673 499 2711 neque
512 2667 626 2709 (somnum,
640 2663 674 2702 vel
687 2664 747 2703 iuxta
759 2664 838 2711 marg.)
851 2664 874 2701 lu

67 2728 144 2759 sonim
152 2718 241 2767 suellen
253 2715 534 2764 connumeratorum.
560 2713 640 2753 Auoh.

104 2769 220 2822 Purno
240 2768 312 2819 vul.
644 2765 669 2815 G
