2050 3100
157 129 207 182 240
288 133 385 177 PHIL.
405 132 479 177 IUD.
500 130 663 189 QUAEST.
682 128 732 173 ET
752 120 830 173 SOL.
852 122 964 189 [11,tos.]

157 242 184 287 et
193 231 360 304 probabilis;
387 246 483 285 verum
495 230 530 284 ad
541 238 661 285 mentem
671 230 805 283 rationem
815 228 964 299 concipere

157 308 246 379 magis
257 305 380 361 naturale
395 312 446 359 est.
486 303 622 370 Quoniam
635 305 659 359 si
674 303 804 376 religiosa
818 302 964 359 abstinen-

157 383 195 437 tia
212 382 415 453 operimentum
432 380 530 434 induat
544 388 683 451 tamquam
699 380 729 433 in
743 377 903 449 spectaculo
918 380 964 433 in-

158 456 355 512 continentiam
369 471 401 509 ao
416 454 575 519 lasciviam,
598 463 680 525 atque
694 454 733 507 ita
747 452 867 507 illudere
881 453 960 515 velit,

158 538 314 601 contempta
332 531 462 594 veritate,
486 537 623 600 protector
641 528 691 599 qui
710 527 780 583 solat
799 544 874 581 more
895 528 962 583 boni

158 606 260 660 medici
273 613 399 677 tangere,
421 604 603 675 disquirendo
616 602 721 658 revelat
734 602 856 657 veriores
869 611 961 672 partes

158 689 285 745 naturae,
305 680 410 751 quibus
425 680 562 751 contingit
575 678 666 735 sanari
681 677 726 733 vel
742 684 896 749 aegrotare,
921 686 961 731 at-

73 786 81 798 ·
159 772 213 827 que
222 756 265 810 sio
274 753 492 826 deprehenditur
502 754 634 825 venitque
645 756 674 807 in
685 752 819 808 notitiam.
857 751 961 805 Verum

157 831 251 886 omnia
271 830 306 884 ad
325 831 460 885 amussim
478 830 553 884 veris
573 826 734 883 nominibus
753 834 825 881 oorte
840 827 958 881 notavit:

157 923 221 960 nam
237 909 337 973 pilosos
355 906 554 975 intemperatus
573 902 797 973 libidinosasque
817 909 872 964 est,
908 902 961 955 im-

158 980 293 1045 mundus,
314 981 433 1051 impuris
449 987 476 1034 et
490 978 604 1033 incultis
619 978 740 1033 nutritus
755 975 851 1031 herbis
861 977 922 1049 agri
932 977 961 1030 in

157 1073 254 1127 campo
272 1056 424 1127 agrestium
442 1054 576 1122 ferarum3
607 1060 775 1125 temperatus
788 1059 880 1107 antem
896 1051 962 1107 reli-

157 1132 253 1203 giosus
266 1134 347 1186 laevis
361 1138 415 1195 est,
437 1128 604 1201 frugalitatis
614 1128 716 1184 socius
756 1128 833 1181 Pater
843 1143 910 1181 vero
920 1136 961 1181 ot-

158 1216 284 1270 treotoru,
303 1206 353 1277 qui
367 1205 474 1259 nullam
486 1204 595 1259 animae
608 1211 714 1274 partam
725 1204 785 1256 sine
795 1208 869 1257 tactu
880 1210 908 1256 et
918 1202 962 1255 in-

158 1280 304 1353 dagatione
315 1280 461 1352 relinquit,
483 1278 533 1334 sed
543 1286 630 1335 totum
639 1278 752 1333 omnino
760 1284 805 1332 tan
827 1293 891 1341 ens,
912 1293 961 1330 no-

158 1355 244 1409 tifioat
253 1355 400 1428 condignis
410 1355 572 1427 diligenter:
597 1354 657 1408 Non
669 1351 792 1417 videtur,
807 1292 844 1425 Fi]
857 1352 958 1422 inquit,

157 1428 207 1482 ille
217 1429 435 1485 contemnendus
445 1437 477 1484 ut
485 1437 662 1485 contemnens
673 1426 762 1501 me*);
795 1442 875 1481 namo
886 1427 959 1481 enim

210 1602 232 1649 ἱ)
250 1602 285 1641 sto
302 1612 385 1650 expono
402 1604 474 1642 locum
490 1605 625 1644 decurtatum
642 1604 798 1652 habentemque
814 1602 842 1641 ed
860 1601 959 1640 verbum:

159 1653 207 1693 Non
219 1655 355 1700 oontemptom
368 1657 396 1699 (a.
410 1656 547 1701 contemnere)
561 1657 667 1700 uideatur,
682 1654 759 1702 inquit,
773 1654 839 1692 tuum.
866 1651 948 1691 Aueb.

158 1903 336 1960 verisimilis:
362 1913 496 1975 quantum
509 1923 574 1961 varo
585 1906 620 1961 ad
631 1907 803 1962 intellectum
812 1903 962 1958 naturalis-

158 1979 239 2032 sima.
278 1979 348 2032 Nam
363 1981 416 2033 etsi
426 1980 562 2050 quasdam
572 1983 690 2037 vestitus
700 1981 807 2053 species
818 1979 962 2038 eontinen-

159 2054 197 2106 tia
212 2061 342 2124 tanquam
357 2054 386 2108 in
402 2055 542 2126 speetalon
557 2058 754 2128 temperantiae
770 2053 867 2110 fallere
883 2053 962 2107 vide-

158 2135 217 2192 tur,
239 2129 439 2184 contemnendo
459 2131 584 2186 veritatis
605 2131 735 2186 faetorem
755 2129 851 2203 (muru.
873 2127 962 2184 lauto-

158 2200 240 2275 rem)‚
261 2204 374 2258 solitum
390 2207 450 2260 vioe
463 2207 561 2277 optimi
572 2207 675 2262 medici
687 2207 829 2278 aptissime
840 2212 961 2259 scrutare

158 2277 296 2344 membra,
319 2280 423 2350 quibus
442 2282 545 2336 sanitas
566 2289 592 2336 et
610 2281 788 2342 imbecillitas
808 2279 962 2334 declaratur

159 2354 260 2408 omnis.
300 2355 387 2427 Igitur
401 2355 513 2410 directis
529 2356 673 2412 vocabulis
688 2360 812 2411 summae
831 2356 963 2410 nuntian—

158 2436 213 2494 tur,
225 2446 324 2483 sensus
334 2431 409 2484 enim
420 2430 589 2497 luxuriosus,
602 2432 725 2486 incultus
736 2429 875 2494 sordibus,
884 2445 963 2502 agre-

159 2503 196 2556 sti
206 2503 269 2558 luco
279 2505 395 2570 similis,
407 2515 439 2560 ut
447 2505 637 2560 habitaculum
649 2505 779 2560 ferarum.
813 2505 962 2560 Continens

158 2593 225 2631 vero
236 2582 313 2643 lenia,
326 2587 353 2634 et
362 2581 530 2652 tranquillus
542 2589 568 2634 et
578 2581 763 2651 parsimoniae
774 2580 877 2634 socius.
913 2579 964 2632 Pa-

158 2656 200 2701 ter
210 2669 276 2706 vero
286 2655 385 2711 nonde
395 2655 518 2727 palpatu,
534 2654 583 2710 sed
594 2654 628 2709 de
638 2662 760 2710 scrutatu
771 2654 893 2724 partium
904 2653 965 2708 ani-
