2050 3100
87 309 91 314 ,
160 257 176 307 o
238 278 242 285 ,
316 258 813 306 surnorunssusosnso.-
845 254 965 321 [mue]

160 361 315 415 universim
325 358 607 431 superinstrsnsiatae
617 360 646 412 in
656 358 749 414 medio
759 367 874 415 stentem
884 360 966 431 prin-

161 433 253 507 ciperir
263 436 282 489 it
287 435 345 489 ium
354 444 516 507 patremque
526 433 748 489 circumducunt.

218 530 259 581 to.
279 526 386 581 Hincct
399 525 642 599 Physici·quidam
656 524 801 590 dixerunt,
817 524 895 597 quod
905 525 966 581 ele—

160 610 265 665 menta,
282 609 353 655 terre
363 609 390 655 et
400 618 485 673 aque,
502 603 680 674 aeretignis,
691 600 804 655 dilectio
814 604 966 672 etopposi-

161 678 198 732 tio
216 683 291 731 sunt.
330 676 456 731 Attamen
472 677 608 749 'propheta
626 684 745 747 quatuor
764 676 964 731 elementorum

160 751 281 806 occuitus
291 750 408 806 virtutes
417 760 536 823 quatuor
546 752 603 807 slus
614 750 765 823 symbolice
774 750 858 814 dicit,
874 751 965 806 vulti-

160 827 213 881 bus
223 824 400 898 pedibusque
410 828 484 881 muri
493 827 582 882 instar
589 827 694 881 circum
705 825 899 881 adhaerentes:
913 836 965 897 op-

160 892 326 973 positionem
338 918 405 956 vero
418 910 446 956 et
459 901 635 957 dilectionem
652 901 772 956 elevatas
782 901 964 973 volentesque

161 976 196 1031 ad
207 976 306 1031 ducem
318 978 484 1048 principem.
517 976 664 1048 Siquidem
674 976 742 1035 belli
752 985 779 1031 et
788 976 875 1048 pacis,
892 992 964 1049 quse

160 1052 224 1106 eliis
235 1053 395 1107 nominibus
405 1052 518 1108 dilectio
531 1060 558 1107 et
568 1053 744 1107 contrarietas
755 1060 904 1116 vocantur,
919 1068 964 1107 so-

160 1126 204 1181 lus
214 1129 268 1182 iste
279 1137 321 1184 est
331 1128 501 1183 conciliator.
719 1139 723 1146 ’

218 1206 258 1257 Η.
283 1204 380 1260 Nonne
394 1202 441 1257 hic
455 1202 504 1256 ilie
518 1209 572 1266 est,
593 1218 677 1273 quem
691 1200 871 1257 subindicant
886 1203 964 1257 aeni·

159 1288 250 1351 gmate
264 1278 374 1335 oracula
387 1277 501 1335 Moesici
515 1276 608 1331 verbi:
631 1277 727 1331 Levavi·
740 1294 785 1331 vos
798 1276 866 1331 ucat
885 1278 964 1345 super

159 1358 218 1407 ulus
227 1358 379 1423 aquilarum
387 1363 412 1408 et
420 1358 488 1407 dumi
496 1370 542 1407 voa
551 1356 586 1407 od
596 1370 634 1405 me
647 1356 843 1420 (Esod.19‚4).
882 1350 920 1407 Et
929 1353 965 1406 il-

160 1427 208 1482 lud
231 1430 259 1481 in
279 1428 372 1501 Magni
386 1429 507 1483 cantico:
537 1427 657 1483 Servavit
670 1444 731 1481 com
749 1432 816 1481 sicat
833 1430 965 1494 pupillam

159 1506 247 1558 oculis
265 1503 443 1574 &catapoita
450 1502 966 1574 prorepetpuliosmosetinpalloseuos

158 1581 338 1643 miseriorem,
358 1585 474 1635 exwodit
483 1582 543 1634 alce
552 1595 615 1632 saco
628 1585 651 1632 et
665 1582 761 1645 recepit
774 1593 828 1640 eoa,
851 1587 877 1632 et
894 1582 966 1634 teon-

157 1656 335 1720 otteooeoper
343 1655 662 1709 mediomdcroomsuum.
695 1653 967 1709 Dominusaolusdu-

159 1729 230 1792 cebet
246 1738 331 1785 coeat
347 1746 400 1782 noo
416 1739 474 1783 erat
491 1747 550 1783 cum
568 1731 605 1782 eia
623 1731 685 1782 deus
701 1729 802 1782 alienus
820 1735 911 1795 (Dent.
923 1738 965 1796 32,

158 1807 297 1866 ao-12)‚

217 1879 257 1931 tt.
284 1873 323 1950 [Ἴ
338 1875 449 1941 Vidsn’,
474 1875 613 1948 quomodo
630 1875 800 1948 praeclarum
820 1891 893 1948 opus
914 1879 966 1952 (in)

158 1951 296 2005 Abraham
308 1950 424 2006 statuit?
439 1953 508 2024 quin
523 1960 623 2008 terram
629 1959 664 2008 et
678 1967 778 2023 equum
792 1959 819 2006 et
833 1954 968 2010 sesemet

158 2025 265 2080 caelum
276 2026 450 2098 suspendens
459 2035 565 2083 creator
574 2027 649 2082 dese
658 2027 733 2098 ipso,
749 2044 799 2099 per
808 2028 968 2098 providen-

157 2102 224 2156 tiam
236 2117 350 2157 sursum
363 2104 448 2161 traxit
461 2113 489 2159 et
502 2102 624 2158 elevavit
637 2101 771 2156 mundum
784 2101 857 2157 sicut
866 2114 968 2160 custo-

67 2222 74 2236 .
158 2176 260 2232 dibus?
274 2177 443 2234 custodibus
452 2180 576 2250 inquam,
588 2178 648 2232 suis
657 2177 816 2240 virtutibus¹
828 2181 967 2236 muniens

158 2254 280 2308 exterius
297 2254 333 2329 sd
351 2254 469 2311 satutem
491 2262 519 2310 et
541 2253 790 2325 perseverationem
812 2252 967 2324 perfectis-

157 2329 290 2384 simarum
299 2338 496 2386 creaturarum.
536 2327 673 2384 Invidiam
686 2345 763 2392 vero,
783 2335 814 2392 ut
827 2328 886 2384 iam
900 2331 965 2388 dixi

157 2405 282 2475 saepius,
299 2405 475 2478 longiusnse
485 2405 601 2470 amovit3
618 2411 645 2458 et
654 2403 721 2474 quia
730 2410 840 2475 propter
849 2409 967 2478 megui-

157 2477 239 2532 ticum
258 2480 407 2535 consilium
425 2481 558 2537 donorum
578 2477 733 2550 largitionis
751 2479 967 2538 amentissimus

156 2560 211 2613 est.
233 2553 348 2608 formam
361 2571 439 2610 suam
452 2570 620 2624 suorumque
631 2554 766 2608 virtutum
776 2553 852 2608 misit
860 2555 900 2609 sd
911 2574 967 2614 nos

156 2625 185 2675 in
200 2628 338 2682 auxilium
353 2629 486 2685 adversus
500 2630 609 2684 dolores
623 2637 650 2682 et
663 2628 750 2693 mals,
768 2644 840 2700 quse
849 2645 921 2701 prae
933 2651 967 2688 se

155 2695 208 2751 tert
216 2701 388 2773 quicumque
398 2705 520 2758 mortalis
531 2712 572 2758 est
585 2710 709 2758 naturae.

436 2805 669 2832 -—·c=0·.··ooe·--·
