2050 3100
206 244 300 310 [11‚
329 242 446 308 522]
582 249 664 294 ΙΝ
698 249 1036 296 Exomm.
1075 249 1330 296 sERuo
1366 250 1435 298 11.
1693 229 1817 299 '367

130 414 164 441 t
338 389 464 438 ‘Cur
497 388 840 454 candelabri'„
854 399 1059 454 quatuor
1092 393 1381 445 crateres“?
1423 392 1531 456 (25,
1565 393 1675 456 34.)

323 492 414 544 77.
464 491 859 562 Unusquisque
885 509 1074 548 ramus
1102 509 1269 548 unam
1289 501 1668 566 tempestatem
1690 497 1820 550 anni

203 565 434 640 perficit
451 582 552 637 per
571 567 714 621 trina
742 567 930 640 signa,
973 563 1120 623 sicut
1148 568 1360 624 dictum
1389 578 1497 638 est3
1562 570 1822 625 candela-

204 643 383 698 brum
411 657 540 697 vero
559 658 813 696 annuum
845 650 1085 715 tempus.
1163 643 1405 710 Quatuor
1432 644 1661 716 quidem
1691 653 1821 700 sunt

203 724 599 791 tempestates,
643 718 1091 773 commixtionem
1131 726 1313 774 tamen
1350 719 1650 791 quamdam
1677 721 1821 775 reci-

119 814 123 820 ·
204 793 381 865 piunt
398 791 468 846 ad
490 808 694 846 annum
715 791 1141 848 conficiendum.
1214 795 1370 849 Nihil
1392 797 1542 850 enim
1564 795 1718 850 aliud
1737 803 1821 850 est

208 883 396 922 annus
411 907 424 931 ,
467 866 580 920 nisi
607 867 1071 939 complementum
1089 877 1326 941 quatuor
1340 878 1728 942 tempestatum
1750 887 1819 924 ex

206 943 305 998 his
327 942 641 996 commixtis
662 941 990 998 confectum.
1044 943 1315 1010 Quoniam
1334 961 1441 999 non
1459 945 1817 1000 incommixta

207 1034 279 1072 ac
299 1016 523 1072 dissona
542 1025 626 1072 est
644 1024 953 1089 temporum
971 1026 1183 1083 natura,
1206 1019 1305 1073 sed
1317 1019 1666 1075 concordiam
1676 1028 1819 1074 tem-

204 1093 522 1165 peramenti
550 1091 716 1147 habet
742 1099 906 1164 atque
934 1095 1400 1156 communionem,
1432 1094 1575 1148 inter
1603 1111 1664 1150 se
1692 1111 1818 1150 mu-

203 1178 308 1223 tuo
330 1167 706 1234 commutatis;
760 1166 886 1222 finis
907 1169 1057 1224 enim
1075 1169 1245 1240 primi
1270 1165 1343 1242 [*]
1367 1169 1709 1241 principium
1728 1186 1819 1224 se-

202 1242 437 1315 quentis
458 1242 688 1314 contigit
707 1259 847 1297 esse.

295 1382 460 1441 Quare
492 1383 809 1446 ‚,.lucernae“
843 1384 1124 1435 candelabri
1155 1393 1375 1449 „septem
1393 1386 1458 1432 “2
1494 1386 1601 1449 (25,
1630 1385 1741 1450 37.)

325 1486 414 1538 78.
465 1485 689 1541 Cunctis
717 1495 906 1543 notum
941 1494 1024 1542 est
1060 1496 1247 1558 septem
1288 1491 1529 1542 lucernas
1566 1485 1817 1561 symbola

204 1578 336 1618 esse
368 1560 738 1633 planetarum,
779 1564 1088 1635 septenario
1118 1564 1347 1619 numero
1375 1564 1435 1617 in
1456 1579 1819 1619 connumera-

202 1638 420 1693 tionem
441 1654 565 1693 cum
587 1637 904 1693 divinorum
933 1632 1089 1694 sacro
1116 1638 1327 1695 calculo
1359 1639 1813 1709 conscriptorum.

203 1712 459 1779 Quarum
507 1730 605 1784 per
648 1716 809 1787 signa
845 1715 1013 1770 motio
1054 1732 1116 1770 ac
1153 1714 1495 1770 circumlatio
1535 1714 1815 1770 universis

203 1786 613 1843 sublunaribus
653 1806 818 1844 causa
857 1790 1078 1845 exsistit
1115 1789 1447 1847 conciliandi
1476 1790 1535 1844 in
1563 1790 1816 1845 osculum

207 1861 538 1918 concordiae
554 1905 566 1929 ,
592 1864 663 1918 iis
685 1865 970 1930 nimirum,
994 1882 1137 1937 quae
1157 1866 1364 1921 suntin
1386 1867 1525 1930 aere,
1549 1866 1609 1919 in
1632 1866 1810 1936 aquiS‚

204 1939 272 1993 in
309 1945 454 1993 terra
491 1946 544 1993 et
589 1939 646 1993 in
693 1940 953 1994 omnibus
1000 1942 1446 2014 temperamentis
1491 1941 1814 1996 animalium

203 2013 634 2086 plantarumque
673 2032 910 2087 semper.

252 2153 417 2212 Quare
434 2154 572 2219 dicit,
603 2133 638 2219 '‚‚
653 2171 713 2206 ex
729 2173 827 2207 una
846 2156 1038 2222 reqione
1058 2156 1208 2207 lucere
1228 2158 1559 2208 candelabrum
1575 2160 1608 2186 “
1618 2161 1641 2205 ?
1660 2156 1778 2221 (ib.)

322 2257 409 2311 79.
433 2258 689 2313 Planetae
709 2277 817 2315 non
837 2276 938 2331 per
956 2275 1145 2314 omnes
1156 2268 1337 2330 partes
1350 2260 1602 2315 caelestis
1613 2258 1814 2331 sphae-

207 2349 303 2387 rae
335 2333 813 2407 circumaguntur,
857 2333 956 2389 sed
985 2335 1292 2389 secundum
1323 2353 1489 2389 unam
1521 2332 1815 2388 australem

206 2415 452 2480 partem;
517 2410 779 2481 quoniam
808 2417 988 2465 motus
1018 2427 1205 2465 earum
1233 2410 1395 2482 quasi
1425 2425 1596 2479 prope
1624 2406 1696 2469 ad
1715 2423 1815 2460 no-

209 2490 382 2537 stram
412 2493 494 2538 est
523 2502 737 2540 zonam.
814 2485 971 2540 Unde
1002 2485 1197 2540 umbra
1225 2502 1333 2539 non
1355 2484 1502 2537 cadit
1522 2483 1579 2535 in
1604 2488 1815 2536 austra-

210 2557 324 2612 lem
354 2566 594 2629 partem,
638 2560 737 2615 sed
767 2560 826 2615 in
847 2559 1367 2631 septemtrionalem.
1446 2553 1815 2622 Quamobrem

209 2648 322 2687 non
352 2633 655 2708 incongrue
685 2645 738 2692 et
768 2638 1134 2691 candelabrum
1163 2634 1307 2689 dixit
1334 2650 1402 2687 em
1430 2648 1537 2686 una
1557 2639 1711 2698 parte
1733 2632 1815 2683 lu-

208 2725 329 2761 men
344 2714 533 2777 facere,
563 2709 846 2766 declarans
867 2710 1216 2783 singulorum
1235 2709 1577 2779 planetarum
1596 2720 1695 2775 per
1716 2720 1815 2758 au-

211 2782 410 2840 strales
432 2786 686 2859 regiones
706 2786 1195 2843 circumlationem.
