<?xml version="1.0" encoding="UTF-8"?>
<!DOCTYPE html PUBLIC "-//W3C//DTD XHTML 1.0 Transitional//EN"
    "http://www.w3.org/TR/xhtml1/DTD/xhtml1-transitional.dtd">
<html xmlns="http://www.w3.org/1999/xhtml" xml:lang="en" lang="en">
 <head>
  <title>
</title>
<meta http-equiv="Content-Type" content="text/html;charset=utf-8" />
  <meta name='ocr-system' content='tesseract 3.04.00' />
  <meta name='ocr-capabilities' content='ocr_page ocr_carea ocr_par ocr_line ocrx_word'/>
</head>
<body>
  <div class='ocr_page' id='page_1' title='image "./operaomniaadlib02philgoog/operaomniaadlib02philgoog_0465.png"; bbox 0 0 2050 3100; ppageno 0'>
   <div class='ocr_carea' id='block_1_1' title="bbox 184 193 985 279">
    <p class='ocr_par' dir='ltr' id='par_1_1' title="bbox 184 193 985 279">
     <span class='ocr_line' id='line_1_1' title="bbox 184 193 985 279; baseline -0.001 -14"><span class='ocrx_word' id='word_1_1' title='bbox 184 214 231 265; x_wconf 74' lang='lat' dir='ltr'><strong>tao</strong></span> <span class='ocrx_word' id='word_1_2' title='bbox 428 193 545 264; x_wconf 63' lang='lat' dir='ltr'><strong>rur&#39;no</strong></span> <span class='ocrx_word' id='word_1_3' title='bbox 565 216 732 263; x_wconf 80' lang='lat' dir='ltr'><strong>ronanus</strong></span> <span class='ocrx_word' id='word_1_4' title='bbox 874 212 985 279; x_wconf 60' lang='lat' dir='ltr'><strong>[amca]</strong></span> 
     </span>
    </p>
   </div>
   <div class='ocr_carea' id='block_1_2' title="bbox 181 316 987 1442">
    <p class='ocr_par' dir='ltr' id='par_1_2' title="bbox 181 316 987 1442">
     <span class='ocr_line' id='line_1_2' title="bbox 182 316 987 374; baseline 0.001 -1"><span class='ocrx_word' id='word_1_5' title='bbox 182 320 249 373; x_wconf 88' lang='lat' dir='ltr'><strong>bilis</strong></span> <span class='ocrx_word' id='word_1_6' title='bbox 264 318 317 372; x_wconf 91' lang='lat' dir='ltr'><strong>tibi</strong></span> <span class='ocrx_word' id='word_1_7' title='bbox 333 328 390 373; x_wconf 87' lang='lat' dir='ltr'><strong>erat</strong></span> <span class='ocrx_word' id='word_1_8' title='bbox 404 318 560 373; x_wconf 82' lang='lat' dir='ltr'><strong>umbraculi</strong></span> <span class='ocrx_word' id='word_1_9' title='bbox 576 316 735 372; x_wconf 83' lang='lat' dir='ltr'>cucurbitae</span> <span class='ocrx_word' id='word_1_10' title='bbox 750 318 833 372; x_wconf 87' lang='lat' dir='ltr'><strong>istius</strong></span> <span class='ocrx_word' id='word_1_11' title='bbox 846 318 933 373; x_wconf 76' lang='lat' dir='ltr'><strong>usus?</strong></span> <span class='ocrx_word' id='word_1_12' title='bbox 952 318 987 374; x_wconf 79' lang='lat' dir='ltr'><strong>At</strong></span> 
     </span>
     <span class='ocr_line' id='line_1_3' title="bbox 183 392 985 464; baseline 0 -16"><span class='ocrx_word' id='word_1_13' title='bbox 183 394 316 449; x_wconf 84' lang='lat' dir='ltr'><strong>naturalis</strong></span> <span class='ocrx_word' id='word_1_14' title='bbox 331 403 388 448; x_wconf 90' lang='lat' dir='ltr'><strong>erat</strong></span> <span class='ocrx_word' id='word_1_15' title='bbox 403 392 531 447; x_wconf 84' lang='lat' dir='ltr'><strong>loliorum</strong></span> <span class='ocrx_word' id='word_1_16' title='bbox 545 392 667 447; x_wconf 83' lang='lat' dir='ltr'><strong>densitas</strong></span> <span class='ocrx_word' id='word_1_17' title='bbox 685 400 712 446; x_wconf 90' lang='lat' dir='ltr'><strong>et</strong></span> <span class='ocrx_word' id='word_1_18' title='bbox 727 392 843 447; x_wconf 78' lang='lat' dir='ltr'><strong>umbrae</strong></span> <span class='ocrx_word' id='word_1_19' title='bbox 858 410 910 464; x_wconf 91' lang='lat' dir='ltr'><strong>per</strong></span> <span class='ocrx_word' id='word_1_20' title='bbox 921 394 985 449; x_wconf 92' lang='lat' dir='ltr'><strong>bra-</strong></span> 
     </span>
     <span class='ocr_line' id='line_1_4' title="bbox 183 468 985 541; baseline 0 -18"><span class='ocrx_word' id='word_1_21' title='bbox 183 470 245 523; x_wconf 91' lang='lat' dir='ltr'><strong>chia</strong></span> <span class='ocrx_word' id='word_1_22' title='bbox 261 468 370 540; x_wconf 79' lang='lat' dir='ltr'>plantae</span> <span class='ocrx_word' id='word_1_23' title='bbox 385 468 537 539; x_wconf 91' lang='lat' dir='ltr'><strong>dispositus</strong></span> <span class='ocrx_word' id='word_1_24' title='bbox 553 468 623 523; x_wconf 90' lang='lat' dir='ltr'><strong>situs</strong></span> <span class='ocrx_word' id='word_1_25' title='bbox 638 468 667 521; x_wconf 90' lang='lat' dir='ltr'><strong>in</strong></span> <span class='ocrx_word' id='word_1_26' title='bbox 681 468 777 521; x_wconf 86' lang='lat' dir='ltr'><strong>ordine</strong></span> <span class='ocrx_word' id='word_1_27' title='bbox 791 474 849 523; x_wconf 88' lang='lat' dir='ltr'><strong>erat</strong></span> <span class='ocrx_word' id='word_1_28' title='bbox 860 476 887 523; x_wconf 92' lang='lat' dir='ltr'><strong>et</strong></span> <span class='ocrx_word' id='word_1_29' title='bbox 897 486 985 541; x_wconf 88' lang='lat' dir='ltr'><strong>perse</strong></span> 
     </span>
     <span class='ocr_line' id='line_1_5' title="bbox 182 541 984 615; baseline 0 -16"><span class='ocrx_word' id='word_1_30' title='bbox 182 546 234 599; x_wconf 90' lang='lat' dir='ltr'><strong>hoc</strong></span> <span class='ocrx_word' id='word_1_31' title='bbox 246 542 338 597; x_wconf 87' lang='lat' dir='ltr'><strong>fiebat.</strong></span> <span class='ocrx_word' id='word_1_32' title='bbox 362 544 422 596; x_wconf 92' lang='lat' dir='ltr'><strong>Non</strong></span> <span class='ocrx_word' id='word_1_33' title='bbox 432 544 506 596; x_wconf 87' lang='lat' dir='ltr'><strong>enim</strong></span> <span class='ocrx_word' id='word_1_34' title='bbox 517 541 609 596; x_wconf 83' lang='lat' dir='ltr'>dicere</span> <span class='ocrx_word' id='word_1_35' title='bbox 621 550 711 613; x_wconf 90' lang='lat' dir='ltr'><strong>potes,</strong></span> <span class='ocrx_word' id='word_1_36' title='bbox 723 560 738 596; x_wconf 95' lang='lat' dir='ltr'><strong>o</strong></span> <span class='ocrx_word' id='word_1_37' title='bbox 749 542 899 613; x_wconf 89' lang='lat' dir='ltr'><strong>propheta,</strong></span> <span class='ocrx_word' id='word_1_38' title='bbox 911 544 984 615; x_wconf 92' lang='lat' dir='ltr'><strong>quod</strong></span> 
     </span>
     <span class='ocr_line' id='line_1_6' title="bbox 183 616 982 689; baseline -0.003 -15"><span class='ocrx_word' id='word_1_39' title='bbox 183 636 219 674; x_wconf 88' lang='lat' dir='ltr'><strong>ex</strong></span> <span class='ocrx_word' id='word_1_40' title='bbox 237 618 292 672; x_wconf 87' lang='lat' dir='ltr'><strong>tuis</strong></span> <span class='ocrx_word' id='word_1_41' title='bbox 312 617 453 671; x_wconf 76' lang='lat' dir='ltr'><strong>laboribus</strong></span> <span class='ocrx_word' id='word_1_42' title='bbox 472 634 586 689; x_wconf 82' lang='lat' dir='ltr'>germen</span> <span class='ocrx_word' id='word_1_43' title='bbox 611 616 770 671; x_wconf 83' lang='lat' dir='ltr'><strong>cucurbitae</strong></span> <span class='ocrx_word' id='word_1_44' title='bbox 792 618 982 688; x_wconf 81' lang='lat' dir='ltr'><strong>pullulaverit,</strong></span> 
     </span>
     <span class='ocr_line' id='line_1_7' title="bbox 182 691 984 766; baseline -0.001 -18"><span class='ocrx_word' id='word_1_45' title='bbox 182 694 251 766; x_wconf 91' lang='lat' dir='ltr'><strong>quin</strong></span> <span class='ocrx_word' id='word_1_46' title='bbox 266 692 407 746; x_wconf 78' lang='lat' dir='ltr'><strong>nocturnis</strong></span> <span class='ocrx_word' id='word_1_47' title='bbox 421 692 530 764; x_wconf 79' lang='lat' dir='ltr'><strong>vigiliis</strong></span> <span class='ocrx_word' id='word_1_48' title='bbox 544 694 573 745; x_wconf 89' lang='lat' dir='ltr'><strong>in</strong></span> <span class='ocrx_word' id='word_1_49' title='bbox 584 691 797 746; x_wconf 82' lang='lat' dir='ltr'><strong>elaborationem</strong></span> <span class='ocrx_word' id='word_1_50' title='bbox 808 692 894 747; x_wconf 91' lang='lat' dir='ltr'><strong>buius</strong></span> <span class='ocrx_word' id='word_1_51' title='bbox 904 694 984 765; x_wconf 90' lang='lat' dir='ltr'><strong>plan-</strong></span> 
     </span>
     <span class='ocr_line' id='line_1_8' title="bbox 181 765 984 838; baseline -0.002 -14"><span class='ocrx_word' id='word_1_52' title='bbox 181 779 225 824; x_wconf 90' lang='lat' dir='ltr'><strong>tae</strong></span> <span class='ocrx_word' id='word_1_53' title='bbox 235 784 371 838; x_wconf 79' lang='lat' dir='ltr'><strong>parceres.</strong></span> <span class='ocrx_word' id='word_1_54' title='bbox 410 767 599 822; x_wconf 89' lang='lat' dir='ltr'><strong>Nihilominus</strong></span> <span class='ocrx_word' id='word_1_55' title='bbox 614 767 663 821; x_wconf 82' lang='lat' dir='ltr'><strong>vix</strong></span> <span class='ocrx_word' id='word_1_56' title='bbox 677 765 774 821; x_wconf 82' lang='lat' dir='ltr'><strong>suffers</strong></span> <span class='ocrx_word' id='word_1_57' title='bbox 784 766 882 821; x_wconf 81' lang='lat' dir='ltr'><strong>vidore</strong></span> <span class='ocrx_word' id='word_1_58' title='bbox 891 770 984 823; x_wconf 84' lang='lat' dir='ltr'><strong>viren-</strong></span> 
     </span>
     <span class='ocr_line' id='line_1_9' title="bbox 182 840 983 915; baseline 0 -18"><span class='ocrx_word' id='word_1_59' title='bbox 182 844 218 898; x_wconf 88' lang='lat' dir='ltr'><strong>tis</strong></span> <span class='ocrx_word' id='word_1_60' title='bbox 228 843 405 915; x_wconf 77' lang='lat' dir='ltr'><strong>vigentisque</strong></span> <span class='ocrx_word' id='word_1_61' title='bbox 416 841 576 896; x_wconf 88' lang='lat' dir='ltr'><strong>cucurbitae</strong></span> <span class='ocrx_word' id='word_1_62' title='bbox 587 840 754 895; x_wconf 82' lang='lat' dir='ltr'><strong>nuditatem:</strong></span> <span class='ocrx_word' id='word_1_63' title='bbox 773 842 841 913; x_wconf 91' lang='lat' dir='ltr'><strong>quia</strong></span> <span class='ocrx_word' id='word_1_64' title='bbox 855 860 912 897; x_wconf 79' lang='lat' dir='ltr'><strong>nox</strong></span> <span class='ocrx_word' id='word_1_65' title='bbox 926 844 983 914; x_wconf 89' lang='lat' dir='ltr'><strong>pri-</strong></span> 
     </span>
     <span class='ocr_line' id='line_1_10' title="bbox 181 915 980 990; baseline -0.003 -18"><span class='ocrx_word' id='word_1_66' title='bbox 181 936 225 972; x_wconf 89' lang='lat' dir='ltr'><strong>ma</strong></span> <span class='ocrx_word' id='word_1_67' title='bbox 236 919 358 990; x_wconf 92' lang='lat' dir='ltr'><strong>plantam</strong></span> <span class='ocrx_word' id='word_1_68' title='bbox 368 917 500 988; x_wconf 89' lang='lat' dir='ltr'><strong>produxit</strong></span> <span class='ocrx_word' id='word_1_69' title='bbox 511 919 600 980; x_wconf 89' lang='lat' dir='ltr'><strong>istam,</strong></span> <span class='ocrx_word' id='word_1_70' title='bbox 617 924 643 970; x_wconf 88' lang='lat' dir='ltr'><strong>et</strong></span> <span class='ocrx_word' id='word_1_71' title='bbox 653 933 708 970; x_wconf 90' lang='lat' dir='ltr'><strong>nox</strong></span> <span class='ocrx_word' id='word_1_72' title='bbox 718 915 840 971; x_wconf 86' lang='lat' dir='ltr'><strong>secunda</strong></span> <span class='ocrx_word' id='word_1_73' title='bbox 849 920 980 989; x_wconf 89' lang='lat' dir='ltr'><strong>corrupit.</strong></span> 
     </span>
     <span class='ocr_line' id='line_1_11' title="bbox 183 991 981 1069; baseline -0.004 -21"><span class='ocrx_word' id='word_1_74' title='bbox 183 992 221 1069; x_wconf 84' lang='lat'><strong>[*]</strong></span> <span class='ocrx_word' id='word_1_75' title='bbox 232 992 316 1065; x_wconf 76' lang='lat' dir='ltr'><strong>Atqui</strong></span> <span class='ocrx_word' id='word_1_76' title='bbox 327 1000 357 1047; x_wconf 94' lang='lat' dir='ltr'><strong>tu</strong></span> <span class='ocrx_word' id='word_1_77' title='bbox 367 993 444 1049; x_wconf 92' lang='lat' dir='ltr'><strong>doles</strong></span> <span class='ocrx_word' id='word_1_78' title='bbox 454 1010 538 1065; x_wconf 90' lang='lat' dir='ltr'><strong>super</strong></span> <span class='ocrx_word' id='word_1_79' title='bbox 548 992 679 1063; x_wconf 87' lang='lat' dir='ltr'><strong>plantam,</strong></span> <span class='ocrx_word' id='word_1_80' title='bbox 694 1007 777 1062; x_wconf 91' lang='lat' dir='ltr'><strong>quam</strong></span> <span class='ocrx_word' id='word_1_81' title='bbox 788 1009 842 1046; x_wconf 91' lang='lat' dir='ltr'><strong>noa</strong></span> <span class='ocrx_word' id='word_1_82' title='bbox 852 991 981 1063; x_wconf 85' lang='lat' dir='ltr'><strong>plantasti</strong></span> 
     </span>
     <span class='ocr_line' id='line_1_12' title="bbox 182 1065 981 1143; baseline -0.003 -20"><span class='ocrx_word' id='word_1_83' title='bbox 182 1086 233 1124; x_wconf 91' lang='lat' dir='ltr'><strong>nec</strong></span> <span class='ocrx_word' id='word_1_84' title='bbox 247 1069 369 1143; x_wconf 82' lang='lat' dir='ltr'><strong>irrigasti</strong></span> <span class='ocrx_word' id='word_1_85' title='bbox 384 1084 474 1139; x_wconf 93' lang='lat' dir='ltr'><strong>neque</strong></span> <span class='ocrx_word' id='word_1_86' title='bbox 488 1084 584 1139; x_wconf 85' lang='lat' dir='ltr'><strong>sepem</strong></span> <span class='ocrx_word' id='word_1_87' title='bbox 599 1066 671 1120; x_wconf 90' lang='lat' dir='ltr'><strong>circa</strong></span> <span class='ocrx_word' id='word_1_88' title='bbox 686 1084 746 1120; x_wconf 90' lang='lat' dir='ltr'><strong>eam</strong></span> <span class='ocrx_word' id='word_1_89' title='bbox 761 1065 910 1121; x_wconf 88' lang='lat' dir='ltr'><strong>artificiose</strong></span> <span class='ocrx_word' id='word_1_90' title='bbox 924 1084 981 1122; x_wconf 90' lang='lat' dir='ltr'><strong>ere-</strong></span> 
     </span>
     <span class='ocr_line' id='line_1_13' title="bbox 182 1140 981 1218; baseline -0.005 -19"><span class='ocrx_word' id='word_1_91' title='bbox 182 1146 263 1200; x_wconf 83' lang='lat' dir='ltr'><strong>xisti:</strong></span> <span class='ocrx_word' id='word_1_92' title='bbox 280 1142 471 1218; x_wconf 90' lang='lat' dir='ltr'><strong>(solummodc)</strong></span> <span class='ocrx_word' id='word_1_93' title='bbox 486 1141 550 1197; x_wconf 81' lang='lat' dir='ltr'><strong>fixis</strong></span> <span class='ocrx_word' id='word_1_94' title='bbox 565 1141 678 1196; x_wconf 90' lang='lat' dir='ltr'><strong>calamis</strong></span> <span class='ocrx_word' id='word_1_95' title='bbox 694 1142 723 1195; x_wconf 92' lang='lat' dir='ltr'><strong>in</strong></span> <span class='ocrx_word' id='word_1_96' title='bbox 737 1141 850 1196; x_wconf 86' lang='lat' dir='ltr'><strong>umbrae</strong></span> <span class='ocrx_word' id='word_1_97' title='bbox 866 1140 981 1214; x_wconf 80' lang='lat' dir='ltr'><strong>liguram</strong></span> 
     </span>
     <span class='ocr_line' id='line_1_14' title="bbox 182 1216 980 1288; baseline -0.005 -13"><span class='ocrx_word' id='word_1_98' title='bbox 182 1220 375 1283; x_wconf 87' lang='lat' dir='ltr'><strong>construxisti,</strong></span> <span class='ocrx_word' id='word_1_99' title='bbox 406 1228 436 1273; x_wconf 92' lang='lat' dir='ltr'><strong>ut</strong></span> <span class='ocrx_word' id='word_1_100' title='bbox 454 1218 583 1271; x_wconf 88' lang='lat' dir='ltr'><strong>surculus</strong></span> <span class='ocrx_word' id='word_1_101' title='bbox 601 1216 711 1288; x_wconf 91' lang='lat' dir='ltr'><strong>plantae</strong></span> <span class='ocrx_word' id='word_1_102' title='bbox 731 1224 860 1288; x_wconf 89' lang='lat' dir='ltr'><strong>superte</strong></span> <span class='ocrx_word' id='word_1_103' title='bbox 881 1217 980 1271; x_wconf 90' lang='lat' dir='ltr'><strong>cadens</strong></span> 
     </span>
     <span class='ocr_line' id='line_1_15' title="bbox 181 1291 981 1365; baseline -0.006 -15"><span class='ocrx_word' id='word_1_104' title='bbox 181 1295 387 1358; x_wconf 82' lang='lat' dir='ltr'><strong>obumbrasset,</strong></span> <span class='ocrx_word' id='word_1_105' title='bbox 404 1294 500 1347; x_wconf 90' lang='lat' dir='ltr'><strong>saltem</strong></span> <span class='ocrx_word' id='word_1_106' title='bbox 506 1292 533 1365; x_wconf 75' lang='lat' dir='ltr'><strong>*l</strong></span> <span class='ocrx_word' id='word_1_107' title='bbox 546 1292 598 1345; x_wconf 92' lang='lat' dir='ltr'><strong>hac</strong></span> <span class='ocrx_word' id='word_1_108' title='bbox 608 1293 637 1344; x_wconf 93' lang='lat' dir='ltr'><strong>in</strong></span> <span class='ocrx_word' id='word_1_109' title='bbox 647 1299 723 1363; x_wconf 83' lang='lat' dir='ltr'><strong>parte</strong></span> <span class='ocrx_word' id='word_1_110' title='bbox 734 1291 825 1345; x_wconf 91' lang='lat' dir='ltr'><strong>studio</strong></span> <span class='ocrx_word' id='word_1_111' title='bbox 841 1291 945 1347; x_wconf 89' lang='lat' dir='ltr'><strong>laboris</strong></span> <span class='ocrx_word' id='word_1_112' title='bbox 954 1294 981 1345; x_wconf 94' lang='lat' dir='ltr'><strong>in</strong></span> 
     </span>
     <span class='ocr_line' id='line_1_16' title="bbox 182 1366 981 1442; baseline -0.006 -16"><span class='ocrx_word' id='word_1_113' title='bbox 182 1372 304 1442; x_wconf 89' lang='lat' dir='ltr'><strong>plantam</strong></span> <span class='ocrx_word' id='word_1_114' title='bbox 314 1377 486 1440; x_wconf 88' lang='lat' dir='ltr'><strong>consumpto.</strong></span> <span class='ocrx_word' id='word_1_115' title='bbox 524 1369 565 1421; x_wconf 91' lang='lat' dir='ltr'><strong>Tu</strong></span> <span class='ocrx_word' id='word_1_116' title='bbox 575 1382 640 1438; x_wconf 81' lang='lat' dir='ltr'><strong>ergo</strong></span> <span class='ocrx_word' id='word_1_117' title='bbox 650 1375 774 1438; x_wconf 88' lang='lat' dir='ltr'><strong>prompta</strong></span> <span class='ocrx_word' id='word_1_118' title='bbox 785 1366 896 1437; x_wconf 88' lang='lat' dir='ltr'><strong>plantae</strong></span> <span class='ocrx_word' id='word_1_119' title='bbox 907 1368 981 1423; x_wconf 90' lang='lat' dir='ltr'><strong>dele-</strong></span> 
     </span>
    </p>
   </div>
   <div class='ocr_carea' id='block_1_3' title="bbox 101 1442 980 1516">
    <p class='ocr_par' dir='ltr' id='par_1_3' title="bbox 101 1442 980 1516">
     <span class='ocr_line' id='line_1_17' title="bbox 101 1442 980 1516; baseline -0.003 -16"><span class='ocrx_word' id='word_1_120' title='bbox 101 1472 105 1476; x_wconf 50' lang='lat'><strong><em>¹</em></strong></span> <span class='ocrx_word' id='word_1_121' title='bbox 182 1447 300 1500; x_wconf 87' lang='lat' dir='ltr'><strong>ctatione</strong></span> <span class='ocrx_word' id='word_1_122' title='bbox 314 1454 420 1516; x_wconf 90' lang='lat' dir='ltr'><strong>reperta</strong></span> <span class='ocrx_word' id='word_1_123' title='bbox 436 1461 489 1497; x_wconf 90' lang='lat' dir='ltr'><strong>non</strong></span> <span class='ocrx_word' id='word_1_124' title='bbox 504 1442 565 1495; x_wconf 89' lang='lat' dir='ltr'><strong>sine</strong></span> <span class='ocrx_word' id='word_1_125' title='bbox 580 1442 701 1495; x_wconf 88' lang='lat' dir='ltr'><strong>laesione</strong></span> <span class='ocrx_word' id='word_1_126' title='bbox 716 1450 871 1512; x_wconf 87' lang='lat' dir='ltr'><strong>compertus</strong></span> <span class='ocrx_word' id='word_1_127' title='bbox 887 1460 932 1507; x_wconf 87' lang='lat' dir='ltr'><strong>es,</strong></span> <span class='ocrx_word' id='word_1_128' title='bbox 952 1460 980 1497; x_wconf 90' lang='lat' dir='ltr'><strong>eo</strong></span> 
     </span>
    </p>
   </div>
   <div class='ocr_carea' id='block_1_4' title="bbox 181 1516 980 1815">
    <p class='ocr_par' dir='ltr' id='par_1_4' title="bbox 181 1516 980 1815">
     <span class='ocr_line' id='line_1_18' title="bbox 181 1516 979 1591; baseline 0 -17"><span class='ocrx_word' id='word_1_129' title='bbox 181 1520 256 1591; x_wconf 89' lang='lat' dir='ltr'><strong>quod</strong></span> <span class='ocrx_word' id='word_1_130' title='bbox 267 1519 406 1580; x_wconf 83' lang='lat' dir='ltr'><strong>delectans</strong></span> <span class='ocrx_word' id='word_1_131' title='bbox 418 1527 444 1574; x_wconf 91' lang='lat' dir='ltr'><strong>te</strong></span> <span class='ocrx_word' id='word_1_132' title='bbox 455 1516 584 1574; x_wconf 86' lang='lat' dir='ltr'><strong>abluerit.</strong></span> <span class='ocrx_word' id='word_1_133' title='bbox 623 1518 683 1572; x_wconf 93' lang='lat' dir='ltr'><strong>Non</strong></span> <span class='ocrx_word' id='word_1_134' title='bbox 699 1534 763 1590; x_wconf 80' lang='lat' dir='ltr'><strong>ergo</strong></span> <span class='ocrx_word' id='word_1_135' title='bbox 779 1533 900 1588; x_wconf 88' lang='lat' dir='ltr'><strong>aequum</strong></span> <span class='ocrx_word' id='word_1_136' title='bbox 915 1527 979 1582; x_wconf 90' lang='lat' dir='ltr'><strong>erat,</strong></span> 
     </span>
     <span class='ocr_line' id='line_1_19' title="bbox 181 1593 980 1666; baseline 0 -18"><span class='ocrx_word' id='word_1_137' title='bbox 181 1595 353 1666; x_wconf 87' lang='lat' dir='ltr'><strong>opropbeta,</strong></span> <span class='ocrx_word' id='word_1_138' title='bbox 368 1595 544 1651; x_wconf 90' lang='lat' dir='ltr'><strong>miseratione</strong></span> <span class='ocrx_word' id='word_1_139' title='bbox 556 1595 585 1647; x_wconf 90' lang='lat' dir='ltr'><strong>in</strong></span> <span class='ocrx_word' id='word_1_140' title='bbox 595 1593 734 1648; x_wconf 79' lang='lat' dir='ltr'><strong>civitatem</strong></span> <span class='ocrx_word' id='word_1_141' title='bbox 745 1609 798 1646; x_wconf 89' lang='lat' dir='ltr'><strong>non</strong></span> <span class='ocrx_word' id='word_1_142' title='bbox 810 1610 917 1658; x_wconf 89' lang='lat' dir='ltr'><strong>carere,</strong></span> <span class='ocrx_word' id='word_1_143' title='bbox 933 1594 980 1648; x_wconf 93' lang='lat' dir='ltr'><strong>ubi</strong></span> 
     </span>
     <span class='ocr_line' id='line_1_20' title="bbox 182 1666 980 1741; baseline -0.001 -18"><span class='ocrx_word' id='word_1_144' title='bbox 182 1671 272 1741; x_wconf 82' lang='lat' dir='ltr'><strong>agitur</strong></span> <span class='ocrx_word' id='word_1_145' title='bbox 283 1686 335 1723; x_wconf 93' lang='lat' dir='ltr'><strong>non</strong></span> <span class='ocrx_word' id='word_1_146' title='bbox 346 1668 381 1723; x_wconf 90' lang='lat' dir='ltr'><strong>dc</strong></span> <span class='ocrx_word' id='word_1_147' title='bbox 391 1669 507 1740; x_wconf 88' lang='lat' dir='ltr'><strong>plantis,</strong></span> <span class='ocrx_word' id='word_1_148' title='bbox 525 1669 574 1724; x_wconf 89' lang='lat' dir='ltr'><strong>sed</strong></span> <span class='ocrx_word' id='word_1_149' title='bbox 589 1668 623 1722; x_wconf 93' lang='lat' dir='ltr'><strong>de</strong></span> <span class='ocrx_word' id='word_1_150' title='bbox 637 1667 797 1723; x_wconf 89' lang='lat' dir='ltr'><strong>hominibus</strong></span> <span class='ocrx_word' id='word_1_151' title='bbox 807 1666 880 1724; x_wconf 90' lang='lat' dir='ltr'><strong>bono</strong></span> <span class='ocrx_word' id='word_1_152' title='bbox 890 1671 980 1724; x_wconf 90' lang='lat' dir='ltr'><strong>consi-</strong></span> 
     </span>
     <span class='ocr_line' id='line_1_21' title="bbox 182 1742 861 1815; baseline -0.003 -17"><span class='ocrx_word' id='word_1_153' title='bbox 182 1744 219 1799; x_wconf 94' lang='lat' dir='ltr'><strong>lio</strong></span> <span class='ocrx_word' id='word_1_154' title='bbox 229 1742 381 1815; x_wconf 77' lang='lat' dir='ltr'><strong>praeditis?</strong></span> <span class='ocrx_word' id='word_1_155' title='bbox 858 1760 861 1770; x_wconf 87' lang='grc'><strong><em>·</em></strong></span> 
     </span>
    </p>
   </div>
   <div class='ocr_carea' id='block_1_5' title="bbox 180 1860 982 2535">
    <p class='ocr_par' dir='ltr' id='par_1_5' title="bbox 180 1860 982 2535">
     <span class='ocr_line' id='line_1_22' title="bbox 237 1860 979 1928; baseline 0.005 -12"><span class='ocrx_word' id='word_1_156' title='bbox 237 1865 282 1916; x_wconf 76' lang='lat'><strong>50.</strong></span> <span class='ocrx_word' id='word_1_157' title='bbox 312 1860 382 1927; x_wconf 87' lang='lat' dir='ltr'><strong>Quia</strong></span> <span class='ocrx_word' id='word_1_158' title='bbox 399 1861 622 1918; x_wconf 74' lang='lat' dir='ltr'><strong>veroobumanus</strong></span> <span class='ocrx_word' id='word_1_159' title='bbox 643 1865 727 1918; x_wconf 90' lang='lat' dir='ltr'><strong>nimis</strong></span> <span class='ocrx_word' id='word_1_160' title='bbox 746 1862 836 1916; x_wconf 91' lang='lat' dir='ltr'><strong>videri</strong></span> <span class='ocrx_word' id='word_1_161' title='bbox 856 1862 979 1928; x_wconf 88' lang='lat' dir='ltr'><strong>volebas,</strong></span> 
     </span>
     <span class='ocr_line' id='line_1_23' title="bbox 181 1937 981 2010; baseline 0.004 -19"><span class='ocrx_word' id='word_1_162' title='bbox 181 1937 384 2000; x_wconf 86' lang='lat' dir='ltr'><strong>conveniretne,</strong></span> <span class='ocrx_word' id='word_1_163' title='bbox 398 1946 428 1992; x_wconf 89' lang='lat' dir='ltr'><strong>ut</strong></span> <span class='ocrx_word' id='word_1_164' title='bbox 438 1945 468 1992; x_wconf 95' lang='lat' dir='ltr'><strong>tu</strong></span> <span class='ocrx_word' id='word_1_165' title='bbox 478 1938 691 1995; x_wconf 86' lang='lat' dir='ltr'><strong>inanimatorum</strong></span> <span class='ocrx_word' id='word_1_166' title='bbox 702 1938 873 2010; x_wconf 84' lang='lat' dir='ltr'><strong>benignitate</strong></span> <span class='ocrx_word' id='word_1_167' title='bbox 883 1939 981 1994; x_wconf 88' lang='lat' dir='ltr'><strong>buma-</strong></span> 
     </span>
     <span class='ocr_line' id='line_1_24' title="bbox 181 2011 981 2100; baseline 0.004 -34"><span class='ocrx_word' id='word_1_168' title='bbox 181 2013 321 2082; x_wconf 88' lang='lat' dir='ltr'><strong>nitateque</strong></span> <span class='ocrx_word' id='word_1_169' title='bbox 331 2021 466 2076; x_wconf 85' lang='lat' dir='ltr'><strong>servator,</strong></span> <span class='ocrx_word' id='word_1_170' title='bbox 488 2030 539 2085; x_wconf 82' lang='lat' dir='ltr'><strong>ego</strong></span> <span class='ocrx_word' id='word_1_171' title='bbox 555 2031 620 2068; x_wconf 85' lang='lat' dir='ltr'><strong>vero</strong></span> <span class='ocrx_word' id='word_1_172' title='bbox 635 2031 701 2100; x_wconf 70' lang='lat' dir='ltr'><strong>erga</strong></span> <span class='ocrx_word' id='word_1_173' title='bbox 715 2014 840 2067; x_wconf 92' lang='lat' dir='ltr'><strong>homines</strong></span> <span class='ocrx_word' id='word_1_174' title='bbox 850 2011 981 2069; x_wconf 88' lang='lat' dir='ltr'><strong>inhuma-</strong></span> 
     </span>
     <span class='ocr_line' id='line_1_25' title="bbox 181 2086 980 2159; baseline 0.006 -19"><span class='ocrx_word' id='word_1_175' title='bbox 181 2104 234 2141; x_wconf 91' lang='lat' dir='ltr'><strong>nus</strong></span> <span class='ocrx_word' id='word_1_176' title='bbox 251 2086 409 2158; x_wconf 83' lang='lat' dir='ltr'><strong>publicatus</strong></span> <span class='ocrx_word' id='word_1_177' title='bbox 430 2087 565 2142; x_wconf 73' lang='lat' dir='ltr'><strong>fuissem?</strong></span> <span class='ocrx_word' id='word_1_178' title='bbox 583 2089 642 2143; x_wconf 92' lang='lat' dir='ltr'><strong>Non</strong></span> <span class='ocrx_word' id='word_1_179' title='bbox 663 2087 819 2143; x_wconf 85' lang='lat' dir='ltr'><strong>consideras</strong></span> <span class='ocrx_word' id='word_1_180' title='bbox 835 2104 980 2159; x_wconf 87' lang='lat' dir='ltr'><strong>umquam,</strong></span> 
     </span>
     <span class='ocr_line' id='line_1_26' title="bbox 180 2162 982 2236; baseline 0.006 -21"><span class='ocrx_word' id='word_1_181' title='bbox 180 2172 248 2232; x_wconf 90' lang='lat' dir='ltr'><strong>quot</strong></span> <span class='ocrx_word' id='word_1_182' title='bbox 262 2163 327 2217; x_wconf 93' lang='lat' dir='ltr'><strong>hinc</strong></span> <span class='ocrx_word' id='word_1_183' title='bbox 340 2180 440 2234; x_wconf 90' lang='lat' dir='ltr'><strong>pueros</strong></span> <span class='ocrx_word' id='word_1_184' title='bbox 452 2163 576 2218; x_wconf 90' lang='lat' dir='ltr'><strong>concessi</strong></span> <span class='ocrx_word' id='word_1_185' title='bbox 590 2162 734 2236; x_wconf 78' lang='lat' dir='ltr'><strong>patribus?</strong></span> <span class='ocrx_word' id='word_1_186' title='bbox 751 2170 817 2235; x_wconf 91' lang='lat' dir='ltr'><strong>quot</strong></span> <span class='ocrx_word' id='word_1_187' title='bbox 831 2163 905 2217; x_wconf 90' lang='lat' dir='ltr'><strong>natis</strong></span> <span class='ocrx_word' id='word_1_188' title='bbox 916 2164 982 2220; x_wconf 91' lang='lat' dir='ltr'><strong>dedi</strong></span> 
     </span>
     <span class='ocr_line' id='line_1_27' title="bbox 181 2237 982 2310; baseline 0.006 -19"><span class='ocrx_word' id='word_1_189' title='bbox 181 2246 273 2309; x_wconf 87' lang='lat' dir='ltr'><strong>patres</strong></span> <span class='ocrx_word' id='word_1_190' title='bbox 281 2255 379 2294; x_wconf 86' lang='lat' dir='ltr'><strong>vocare</strong></span> <span class='ocrx_word' id='word_1_191' title='bbox 389 2237 544 2310; x_wconf 76' lang='lat' dir='ltr'><strong>genitores?</strong></span> <span class='ocrx_word' id='word_1_192' title='bbox 563 2247 629 2308; x_wconf 92' lang='lat' dir='ltr'><strong>quot</strong></span> <span class='ocrx_word' id='word_1_193' title='bbox 639 2239 788 2294; x_wconf 89' lang='lat' dir='ltr'><strong>mulierum</strong></span> <span class='ocrx_word' id='word_1_194' title='bbox 796 2246 893 2308; x_wconf 90' lang='lat' dir='ltr'><strong>partus</strong></span> <span class='ocrx_word' id='word_1_195' title='bbox 904 2249 982 2296; x_wconf 91' lang='lat' dir='ltr'><strong>nato-</strong></span> 
     </span>
     <span class='ocr_line' id='line_1_28' title="bbox 181 2312 982 2387; baseline 0.005 -21"><span class='ocrx_word' id='word_1_196' title='bbox 181 2330 243 2368; x_wconf 92' lang='lat' dir='ltr'><strong>rum</strong></span> <span class='ocrx_word' id='word_1_197' title='bbox 258 2316 346 2387; x_wconf 83' lang='lat' dir='ltr'><strong>gratia</strong></span> <span class='ocrx_word' id='word_1_198' title='bbox 361 2314 512 2368; x_wconf 90' lang='lat' dir='ltr'><strong>incolumes</strong></span> <span class='ocrx_word' id='word_1_199' title='bbox 528 2312 653 2368; x_wconf 75' lang='lat' dir='ltr'><strong>salvavi?</strong></span> <span class='ocrx_word' id='word_1_200' title='bbox 677 2314 785 2386; x_wconf 87' lang='lat' dir='ltr'><strong>quoties</strong></span> <span class='ocrx_word' id='word_1_201' title='bbox 799 2313 982 2383; x_wconf 87' lang='lat' dir='ltr'><strong>aperditione</strong></span> 
     </span>
     <span class='ocr_line' id='line_1_29' title="bbox 181 2387 982 2460; baseline 0.007 -20"><span class='ocrx_word' id='word_1_202' title='bbox 181 2389 386 2452; x_wconf 77' lang='lat' dir='ltr'><strong>serraricum,</strong></span> <span class='ocrx_word' id='word_1_203' title='bbox 417 2405 500 2460; x_wconf 87' lang='lat' dir='ltr'><strong>quem</strong></span> <span class='ocrx_word' id='word_1_204' title='bbox 519 2406 554 2442; x_wconf 86' lang='lat' dir='ltr'><strong>ex</strong></span> <span class='ocrx_word' id='word_1_205' title='bbox 573 2389 687 2443; x_wconf 86' lang='lat' dir='ltr'><strong>calamis</strong></span> <span class='ocrx_word' id='word_1_206' title='bbox 712 2387 902 2444; x_wconf 81' lang='lat' dir='ltr'><strong>circumdabat</strong></span> <span class='ocrx_word' id='word_1_207' title='bbox 922 2391 982 2446; x_wconf 85' lang='lat' dir='ltr'><strong>val·</strong></span> 
     </span>
     <span class='ocr_line' id='line_1_30' title="bbox 180 2460 982 2535; baseline 0.009 -21"><span class='ocrx_word' id='word_1_208' title='bbox 180 2460 309 2535; x_wconf 75' lang='lat' dir='ltr'><strong>lum**)?</strong></span> <span class='ocrx_word' id='word_1_209' title='bbox 328 2464 389 2518; x_wconf 88' lang='lat' dir='ltr'><strong>Tibi</strong></span> <span class='ocrx_word' id='word_1_210' title='bbox 403 2472 514 2519; x_wconf 85' lang='lat' dir='ltr'><strong>externa</strong></span> <span class='ocrx_word' id='word_1_211' title='bbox 529 2463 613 2518; x_wconf 83' lang='lat' dir='ltr'><strong>facies</strong></span> <span class='ocrx_word' id='word_1_212' title='bbox 624 2463 783 2518; x_wconf 89' lang='lat' dir='ltr'><strong>cucurbitae</strong></span> <span class='ocrx_word' id='word_1_213' title='bbox 795 2461 830 2518; x_wconf 88' lang='lat' dir='ltr'><strong>ad</strong></span> <span class='ocrx_word' id='word_1_214' title='bbox 840 2465 982 2534; x_wconf 88' lang='lat' dir='ltr'><strong>peculiare</strong></span> 
     </span>
    </p>
   </div>
   <div class='ocr_carea' id='block_1_6' title="bbox 180 2603 982 2702">
    <p class='ocr_par' dir='ltr' id='par_1_6' title="bbox 180 2603 982 2702">
     <span class='ocr_line' id='line_1_31' title="bbox 219 2603 982 2664; baseline 0.012 -24"><span class='ocrx_word' id='word_1_215' title='bbox 219 2603 255 2660; x_wconf 39' lang='lat'><strong>¹¹)</strong></span> <span class='ocrx_word' id='word_1_216' title='bbox 284 2603 355 2664; x_wconf 60' lang='grc' dir='ltr'><strong>ΙΗιιεοἱ</strong></span> <span class='ocrx_word' id='word_1_217' title='bbox 364 2606 475 2652; x_wconf 73' lang='lat' dir='ltr'><strong>periodus,</strong></span> <span class='ocrx_word' id='word_1_218' title='bbox 495 2605 599 2643; x_wconf 80' lang='lat' dir='ltr'><strong>assertive</strong></span> <span class='ocrx_word' id='word_1_219' title='bbox 613 2605 700 2652; x_wconf 83' lang='lat' dir='ltr'><strong>accepta</strong></span> <span class='ocrx_word' id='word_1_220' title='bbox 714 2605 775 2644; x_wconf 82' lang='lat' dir='ltr'><strong>lnxtn</strong></span> <span class='ocrx_word' id='word_1_221' title='bbox 788 2604 884 2648; x_wconf 72' lang='lat' dir='ltr'><strong>codices.</strong></span> <span class='ocrx_word' id='word_1_222' title='bbox 909 2611 982 2655; x_wconf 82' lang='lat' dir='ltr'><strong>potest</strong></span> 
     </span>
     <span class='ocr_line' id='line_1_32' title="bbox 180 2653 554 2702; baseline 0.019 -17"><span class='ocrx_word' id='word_1_223' title='bbox 180 2653 248 2697; x_wconf 85' lang='lat' dir='ltr'><strong>accrpl</strong></span> <span class='ocrx_word' id='word_1_224' title='bbox 261 2655 326 2690; x_wconf 84' lang='lat' dir='ltr'><strong>atram</strong></span> <span class='ocrx_word' id='word_1_225' title='bbox 341 2657 447 2702; x_wconf 83' lang='lat' dir='ltr'><strong>negative.</strong></span> <span class='ocrx_word' id='word_1_226' title='bbox 472 2654 554 2692; x_wconf 83' lang='lat' dir='ltr'><strong>Anch.</strong></span> 
     </span>
    </p>
   </div>
   <div class='ocr_carea' id='block_1_7' title="bbox 179 2716 982 2806">
    <p class='ocr_par' dir='ltr' id='par_1_7' title="bbox 179 2716 982 2806">
     <span class='ocr_line' id='line_1_33' title="bbox 179 2716 982 2806; baseline 0.019 -54"><span class='ocrx_word' id='word_1_227' title='bbox 179 2716 358 2806; x_wconf 42' lang='lat' dir='ltr'><strong>vatof&#39;buaffif&#39;</strong></span> <span class='ocrx_word' id='word_1_228' title='bbox 376 2722 429 2759; x_wconf 86' lang='lat' dir='ltr'><strong>baec</strong></span> <span class='ocrx_word' id='word_1_229' title='bbox 445 2721 545 2768; x_wconf 77' lang='lat' dir='ltr'><strong>intelligit</strong></span> <span class='ocrx_word' id='word_1_230' title='bbox 562 2720 588 2760; x_wconf 87' lang='lat' dir='ltr'><strong>dc</strong></span> <span class='ocrx_word' id='word_1_231' title='bbox 606 2721 686 2760; x_wconf 83' lang='lat' dir='ltr'><strong>lnfante</strong></span> <span class='ocrx_word' id='word_1_232' title='bbox 702 2724 726 2762; x_wconf 84' lang='lat' dir='ltr'><strong>tn</strong></span> <span class='ocrx_word' id='word_1_233' title='bbox 743 2723 809 2762; x_wconf 77' lang='lat' dir='ltr'><strong>vulta</strong></span> <span class='ocrx_word' id='word_1_234' title='bbox 821 2725 917 2763; x_wconf 82' lang='lat' dir='ltr'><strong>materna</strong></span> <span class='ocrx_word' id='word_1_235' title='bbox 938 2736 982 2766; x_wconf 81' lang='lat' dir='ltr'><strong>aar·</strong></span> 
     </span>
    </p>
   </div>
   <div class='ocr_carea' id='block_1_8' title="bbox 0 0 1030 3100">
    <p class='ocr_par' dir='ltr' id='par_1_8' title="bbox 0 0 1030 3100">
     <span class='ocr_line' id='line_1_34' title="bbox 0 0 1030 3100; baseline 0 0"><span class='ocrx_word' id='word_1_236' title='bbox 0 0 1030 3100; x_wconf 95' lang='lat' dir='ltr'><strong> </strong></span> 
     </span>
    </p>
   </div>
  </div>
 </body>
</html>
