2050 3100
130 139 163 190 36
253 142 351 187 PHIL.
370 140 444 186 lun.
464 138 626 197 Qutnsu.
644 139 694 186 ET
719 139 797 185 801..
816 133 936 202 [11,208.]

129 255 205 327 quod
213 271 264 327 per
272 252 335 308 illas
345 260 435 306 creata
445 260 510 306 sunt
520 252 621 316 omnia,
628 267 733 323 perque
742 250 806 306 illas
814 251 936 324 dispen-

129 339 206 384 satur
224 326 346 382 mundus
365 335 484 382 creatus.
523 326 574 381 Per
589 337 673 381 unam
686 327 781 398 itaque
795 325 931 400 (sepiens,
1013 357 1019 391 7

129 403 204 458 haud
218 419 299 457 secus
313 419 345 457 ac
358 399 490 473 mundus)
504 399 592 456 iectus
607 417 639 455 ac
653 401 733 455 fictus
751 409 810 456 erat
828 417 934 457 secun-

129 478 196 532 dum
209 477 307 539 deum,
329 476 398 531 deus
408 477 483 530 enim
493 476 631 530 crastinae
639 476 750 530 virtutis
760 483 802 530 est
812 479 929 544 nomem
1011 507 1019 542 ;

129 569 178 624 per
188 551 301 606 alteram
311 568 376 606 vero
389 549 545 604 secundum
560 549 717 614 dominum,
738 557 769 604 ut
782 550 835 604 suh
849 559 932 622 pote·

127 634 197 682 state
221 642 362 698 regnoque
384 625 495 680 cadens.
560 623 626 681 Vult
651 625 746 696 itaque
776 633 932 692 monstrare
1019 667 1020 672 κ

128 703 230 756 virtute
248 701 430 772 conspicuum
448 707 505 754 tam
525 699 615 753 civem
634 698 821 762 mundicam,
843 715 931 770 quam
1019 745 1020 748 ,

128 775 263 848 dignitate
279 775 421 846 aequalem
435 775 567 828 universo
581 773 699 838 mundo,
720 774 891 845 praepositas
902 775 931 828 ei

128 849 312 921 custodesque
325 850 487 904 constitutas
506 846 670 921 (declarans)
690 847 826 920 singulari
846 848 931 904 modo

129 926 244 979 virtutes
253 923 365 988 mundi,
385 922 511 978 divinam
524 930 550 976 ει
564 922 680 995 regiam.
719 921 862 993 Apparitio
878 939 931 978 ou·

126 1007 183 1053 tem
196 999 226 1053 fit
240 1000 313 1054 circa
327 999 476 1070 nonaginta
489 1003 517 1051 et
527 1013 626 1051 novem
636 1012 770 1052 morum
780 1013 930 1053 numerum

126 1074 188 1128 iure
198 1075 361 1144 meritoque,
372 1073 439 1144 quis
449 1071 575 1143 apprime
585 1071 695 1126 vicinus
705 1079 746 1126 est
753 1073 926 1140 centenario;

126 1151 294 1204 centesimus
307 1158 399 1204 autem
409 1163 541 1202 numerus
552 1145 663 1202 effectus
675 1154 715 1201 εει
725 1145 826 1201 decimi
836 1163 887 1219 per
897 1163 928 1202 se

125 1225 219 1295 ipsum
234 1223 427 1296 multiplicati,
447 1237 532 1294 quem
547 1221 702 1294 Tbeoiogus
717 1229 842 1277 sanctum
862 1239 928 1277 eon·

126 1307 232 1353 ctorum
251 1308 340 1354 vocat.
379 1297 516 1365 Quoniam
530 1311 624 1360 corus,
644 1295 754 1367 primus
771 1284 821 1351 ilie
840 1295 929 1352 dena·
1021 1335 1022 1340 κ

125 1374 199 1435 rius,
211 1374 376 1443 simpliciter
385 1380 497 1426 sanctus
506 1370 622 1434 dicitur,
634 1386 718 1441 quem
728 1370 853 1426 concedit
862 1388 928 1427 ver·

125 1445 257 1500 nitoribus
266 1447 378 1517 templi:
399 1444 544 1500 denarium
555 1453 646 1500 autem
656 1443 763 1500 denarii
776 1461 860 1517 quem
873 1446 928 1502 ita·

126 1536 188 1574 rum
205 1521 341 1593 praecipit
358 1518 553 1585 vanitatibus,
580 1528 612 1576 ut
627 1519 735 1577 solvent
752 1535 821 1593 prae
834 1521 927 1577 omni-

125 1594 179 1649 bus
193 1594 338 1649 exsistenti
351 1594 470 1666 (summo
481 1595 642 1669 sacerdoti),
662 1605 705 1650 εει
717 1595 847 1651 denarius
860 1612 928 1653 cen·

124 1669 230 1724 senario
244 1676 468 1735 connumeratum
497 1669 605 1725 denarii
619 1672 693 1725 enim
708 1670 838 1727 denarius
856 1671 928 1744 quid

125 1743 203 1798 aliud
216 1752 258 1798 est
270 1744 326 1798 nisi
342 1740 378 1818 [*]
393 1760 457 1813 pers
470 1744 639 1801 centesima?
666 1745 810 1801 Caeterum
822 1763 877 1803 non
891 1746 926 1802 ud

125 1819 313 1872 centenarium
325 1818 384 1872 sola
397 1817 529 1874 aiiinitate
539 1836 671 1875 numerus
681 1821 829 1895 nonaginta
839 1829 866 1877 et
876 1838 927 1877 no-

124 1908 188 1944 vem
202 1891 349 1947 adornatus
362 1901 412 1957 est,
427 1892 575 1949 sedetiam
588 1894 725 1949 mirabilis
739 1905 851 1951 naturae
860 1914 927 1969 par-

124 1966 269 2021 ticularem
292 1968 404 2023 sortitus
434 1978 476 2023 εει
503 1970 757 2043 participationem,
797 1980 926 2027 constans

125 2041 357 2114 quinquagesimo
374 2051 402 2097 et
419 2044 522 2115 septies
540 2054 666 2116 septeno:
703 2050 768 2101 nom
784 2047 927 2118 quinqua·

124 2118 248 2189 gesimus
261 2117 302 2189 (ut
315 2118 472 2174 Pentecoste
486 2119 532 2173 vei
546 2118 710 2193 lubilaenm)
729 2121 857 2177 remissio
875 2138 926 2177 nc-

123 2191 245 2246 minatur
262 2196 290 2246 in
309 2191 496 2266 legislatione,
529 2194 637 2249 cunctis
657 2193 783 2250 libertate
804 2195 922 2260 donatis,

124 2267 283 2321 inanimatis
297 2275 381 2339 atque
393 2268 531 2323 animatis.
573 2268 687 2341 Septeni
700 2285 766 2325 vcro
780 2271 845 2324 anni
863 2286 926 2344 my-

123 2341 239 2396 sterium
257 2351 299 2397 est
315 2343 418 2413 quietis
439 2342 649 2414 profundasque
670 2344 747 2415 pacis
771 2344 926 2400 secundum

124 2432 225 2486 corpus
242 2425 269 2471 et
286 2418 421 2473 animam:
453 2434 518 2472 nam
535 2419 671 2488 septimus
688 2434 777 2474 annus
790 2419 926 2475 bonorum

123 2506 173 2559 per
190 2508 220 2545 se
237 2493 460 2563 provenientium
477 2493 539 2546 sine
557 2492 694 2549 industria
713 2510 744 2549 ac
759 2494 853 2549 labore
866 2510 927 2550 me·

123 2566 210 2619 moria
223 2575 273 2630 est,
289 2583 361 2638 quac
374 2568 403 2622 in
416 2568 507 2638 primo
520 2566 618 2620 mundi
632 2567 745 2623 conditu
757 2585 808 2641 per
820 2586 850 2624 se
860 2586 927 2641 pro-

123 2636 205 2693 duxit
221 2651 328 2697 natura.
368 2641 602 2713 Quadragesimus
621 2650 712 2696 autem
729 2650 756 2696 et
769 2660 858 2700 nonus
872 2661 925 2701 nu·
