2050 3100
327 260 419 312 wa
775 268 1144 312 PHILans
1184 268 1452 312 HJDAEI
1620 260 1932 328 [nnana]

323 368 483 436 sique
515 376 671 428 sunt,
715 376 959 420 amantes
995 368 1136 420 nihil
1168 368 1296 420 mali
1332 368 1444 436 pati
1476 368 1544 420 ab
1576 368 1928 424 hominihus.

323 444 423 496 Sin
447 444 867 512 auremquidam
887 440 955 496 nl]
979 444 1372 512 negligentiam
1396 444 1640 496 inermes
1664 460 1728 496 ac
1752 444 1932 516 impa-

322 520 429 571 rati
459 516 690 571 latibula
719 532 1080 585 recessusque
1112 516 1347 570 ferarum
1375 520 1498 570 sine
1517 520 1719 571 timore
1741 520 1931 588 perlu-

241 622 248 629 ι
322 592 601 655 strabum,
645 591 970 645 evenientis.
992 589 1306 644 detrimenti
1347 607 1569 645 causam
1607 591 1727 645 sibi
1768 593 1925 663 ipsis

320 668 552 721 minime
580 681 709 720 vero
741 673 964 720 naturae
1004 664 1344 728 adscribant,
1397 682 1462 719 eo
1489 665 1642 736 quod
1679 666 1929 722 debitam

321 742 591 795 cautelam
635 747 1096 810 contempserunt.
1190 740 1334 793 Ecce
1379 740 1513 801 iam,
1538 747 1592 795 et
1639 742 1698 795 in
1752 742 1928 796 stadio

322 816 593 887 equestris
642 832 839 870 cursus
887 814 1007 869 vidi
1048 813 1342 874 nonnullos
1378 815 1630 869 insaniae
1675 815 1921 884 deditos;

321 907 492 961 quum
516 890 663 944 enirn
696 906 935 961 aequum
955 898 1101 944 esset
1120 890 1200 943 eis
1219 888 1411 943 sedere
1437 889 1785 946 ac·decenter
1804 910 1927 963 spe-

272 1013 279 1019 .
320 975 494 1029 ctare,
537 966 595 1019 in
621 965 869 1020 medium
898 964 1136 1037 ingressi
1166 972 1434 1025 steterunt
1458 972 1512 1019 et
1529 965 1774 1037 impetui
1791 983 1929 1038 qua-

319 1041 603 1113 drigarum
633 1040 925 1104 submissi,
978 1038 1220 1111 pedibus
1256 1038 1563 1112 (equorum)
1592 1048 1767 1111 atque
1796 1044 1924 1096 rotis

318 1116 507 1173 obtriti
528 1124 656 1170 sunt
670 1157 683 1180 ,
710 1116 979 1170 amentiae
1002 1120 1256 1186 paratum
1276 1114 1541 1170 damnum
1561 1117 1923 1187 reperientes

317 1193 393 1246 De
414 1192 503 1246 his
521 1201 651 1263 ergo
668 1191 801 1245 satis
821 1190 1052 1246 dictum.

436 1298 551 1350 ⁴04.
593 1292 929 1369 [*]‘Reptilia
958 1311 1089 1349 vero
1107 1292 1422 1349 venenifera
1445 1292 1586 1348 facta
1607 1304 1745 1348 sunt
1763 1336 1776 1359 ‚
1822 1313 1925 1350 non

318 1370 625 1425 secundum
645 1369 1080 1442 providentiam,
1121 1367 1221 1423 sed
1250 1368 1928 1442 secundumconsequen-

317 1447 453 1502 tiam
469 1488 481 1511 ‚
506 1454 568 1501 ut
586 1446 743 1517 prius
763 1445 905 1499 dixi.
985 1443 1278 1515 Siquidem
1294 1443 1505 1514 prolem
1529 1444 1721 1509 edunt,
1747 1462 1929 1517 quan-

320 1521 391 1577 do
420 1522 642 1576 innatus
669 1520 866 1575 humor
886 1519 1159 1593 redigitur
1189 1518 1259 1574 ad
1277 1520 1455 1592 magis
1482 1518 1691 1587 calida3
1738 1521 1929 1594 aliqua

321 1605 501 1651 autem
520 1597 753 1667 putredo
774 1597 1057 1660 animavit,
1083 1604 1143 1650 ut
1163 1594 1463 1650 lumbricos
1482 1595 1541 1649 in
1562 1594 1709 1649 cibis
1729 1613 1930 1652 occur-

318 1679 499 1725 rentes
520 1679 573 1724 et
592 1671 878 1741 pediculos
900 1689 969 1726 ex
988 1670 1286 1724 sudoribus
1308 1668 1766 1743 (provenientes).
1824 1667 1930 1738 Qui

320 1752 503 1799 autem
542 1762 613 1799 ex
650 1764 750 1801 sua
790 1747 1017 1800 materia
1057 1746 1211 1799 iuxta
1245 1754 1494 1799 naturam
1533 1745 1929 1801 seminativam

314 1820 843 1892 propagativamque
872 1821 1037 1876 habet
1065 1819 1497 1892 generationem,
1548 1820 1672 1874 iure
1699 1825 1930 1876 merito—

318 1911 429 1966 que
474 1894 880 1964 providentiam
928 1896 1040 1950 sibi
1090 1893 1389 1963 adscribit..
1472 1896 1680 1949 Tamen
1728 1896 1930 1951 audivi

318 1970 485 2024 etiam
514 1968 582 2023 de
609 1969 724 2024 illis
754 1969 1114 2042 (praemissis)
1141 1968 1424 2040 duplicem
1448 1985 1765 2024 sermonem
1788 1979 1931 2027 tam-

315 2060 484 2115 quam
515 2043 585 2098 ad
624 2044 915 2100 utilitatem
945 2045 1233 2100 hominum
1261 2042 1448 2108 factis,
1491 2060 1662 2115 quem
1690 2061 1810 2100 non
1838 2064 1929 2101 oc-

318 2112 557 2174 cultabo.
642 2119 772 2174 Erat
812 2129 993 2174 autem
1031 2119 1386 2173 unus·huius
1423 2120 1650 2174 tenoris.
1735 2119 1828 2176 Ea
1872 2123 1928 2176 in

318 2194 511 2249 multis
539 2193 598 2249 vi
626 2195 723 2250 illa
753 2212 854 2250 sua
872 2192 1192 2249 venenifera
1210 2193 1543 2248 medicinam
1565 2195 1765 2249 iuvare
1788 2213 1928 2251 non-

316 2269 460 2325 nulli
482 2268 765 2337 dixerunt3
802 2278 855 2325 et
873 2269 987 2333 illi',
1021 2269 1130 2339 qui*
1152 2269 1284 2323 artis
1303 2269 1557 2340 peritiam
1581 2268 1923 2333 habuerunt,

316 2345 657 2416 ubicumque
675 2344 982 2416 oportebat,
1021 2341 1322 2414 prudenter
1352 2343 1440 2398 his
1462 2343 1552 2397 usi
1578 2360 1682 2415 per
1699 2346 1828 2400 vim
1851 2347 1926 2402 le-

317 2419 555 2475 thalium
583 2419 1009 2474 medicaminum
1051 2417 1482 2473 emolumentum
1512 2419 1922 2492 excogitarunt.

315 2495 558 2548 maxime
584 2496 643 2551 in
671 2494 930 2549 extremis
966 2492 1359 2548 laborantibus·
1387 2493 1732 2564 inopinatam
1769 2496 1926 2551 salu-

314 2575 427 2621 tem
446 2567 757 2623 reddentes.
826 2569 899 2623 Et
918 2566 987 2622 ad
1008 2566 1333 2623 hodiernam
1353 2584 1531 2639 usque
1552 2567 1706 2623 diem
1726 2570 1923 2626 videre

272 2701 275 2704 ⁴
316 2646 399 2692 est
436 2657 528 2694 eos
544 2682 557 2704 ‚
618 2641 717 2712 qui
754 2658 863 2696 non
897 2641 1244 2714 negligenter
1281 2659 1344 2696 ac
1383 2641 1663 2698 desidiose
1704 2646 1922 2700 mederi

315 2713 736 2781 aggrediuntur,
766 2716 823 2768 in
843 2715 1200 2770 conficiendis
1220 2716 1638 2772 medicamentis
1655 2718 1925 2788 phar-ma*

315 2782 507 2852 cisque
544 2802 810 2858 usurpare
846 2789 1032 2860 aliqua
1074 2806 1145 2844 ex
1175 2791 1320 2861 ipsis
1361 2790 1513 2846 haud
1547 2788 1621 2866 [Ἴ
1655 2793 1919 2848 inaniter.
