2050 3100
70 264 187 333 [Ibide]
253 270 293 314 IN
312 270 481 315 EXODUM.
508 270 635 315 SERMO
654 272 686 315 II.
818 263 867 318 347

69 381 162 427 autem
173 370 304 441 consequi
318 386 333 423 a
348 368 457 425 deceni
473 370 521 424 alii
534 368 670 425 familiare
682 372 732 435 sit,
752 372 808 426 nisi
822 372 868 426 in-

68 449 189 519 spiratae
208 447 315 500 animae
334 453 361 499 et
379 444 488 499 inflatae
504 446 561 516 ipsi
579 445 790 533 prophetiae*)?
822 446 868 501 Si-

67 522 185 594 quidem
206 529 233 575 et
249 521 360 575 vivente
379 519 482 592 (Mose)
501 522 676 592 praepositus
690 528 747 576 erat
762 521 868 594 (iosos)

69 596 257 669 prinpioibus‚
270 603 296 649 et
307 594 430 649 defuncti
441 611 582 649 successor
591 597 706 651 exstitit.
730 598 792 651 lure
804 612 868 669 ergo

68 671 195 727 ascendit
209 670 243 725 ad
257 670 339 724 fidem
352 668 506 727 faciendam
517 656 634 725 duabus
634 671 717 725 robus
726 687 810 743 qoem
819 690 869 727 ne-

68 748 212 803 censeriis.
239 747 303 809 uni,
318 745 455 800 theoricae
465 746 556 818 gentis
565 746 706 814 elect1om
738 754 766 801 et
778 747 865 811 alteri

68 840 102 877 ne
119 824 166 877 lox
180 821 316 875 humanae
334 820 433 875 mentis
446 821 570 876 inventio
584 789 739 893 putaretis,
759 822 809 876 sed
823 822 868 877 dei

67 897 231 953 mandatnm
251 895 434 967 divinumque
452 896 580 952 verbnm.
624 898 759 951 Fortassis
776 906 868 952 tamen

68 974 121 1028 snb
132 972 244 1027 silentio
254 970 466 1057 intelligendum
479 972 508 1025 in
524 970 621 1035 dictis,
642 971 717 1041 quod
731 972 813 1026 etiam
826 974 869 1027 le-

67 1047 168 1119 sus**)
178 1064 289 1102 sursum
299 1047 446 1101 accersitus
456 1044 546 1100 fuerat
555 1045 713 1113 manifeste
736 1054 763 1100 at
773 1064 869 1101 ascen

67 1123 248 1178 sionemeius
263 1122 368 1177 nonita
385 1118 421 1196 [¹⁶]
437 1122 516 1192 prius
533 1121 621 1175 notari
637 1136 756 1191 aequum
770 1120 865 1193 fuist)

67 1206 181 1270 proptor
194 1198 425 1270 praerogativam
446 1212 501 1267 qua
516 1195 622 1268 dignus
633 1194 794 1250 esteffectus
803 1212 868 1266 pro-

67 1274 163 1345 pheta

94 1421 174 1479 Quare
191 1421 311 1470 Aaronem
328 1430 351 1471 st
366 1420 422 1471 Hor
438 1419 549 1483 relioqm't
565 1420 631 1485 infra
648 1436 699 1467 com
720 1418 850 1469 motibus

329 1488 459 1538 iudicibus?
481 1488 534 1554 (24,
557 1490 609 1552 14.)

125 1594 169 1647 id.
196 1590 274 1646 Sicut
288 1591 353 1644 navi
368 1591 512 1654 classicae,
534 1607 622 1661 quum
634 1607 689 1645 non
706 1591 808 1645 eritibi
818 1609 868 1646 na-

68 1667 200 1730 varchus,
212 1683 282 1737 opus
292 1664 408 1722 habetur
418 1665 539 1721 subinde
549 1665 749 1721 navarchorum
759 1665 794 1721 ad
804 1684 869 1738 pro-

68 1742 240 1798 curationem
250 1739 509 1812 adornationemque
519 1743 665 1795 universae
679 1741 790 1809 classis;
821 1744 869 1797 iti-

68 1818 135 1872 dem
145 1817 175 1870 in
185 1817 322 1879 exercitu,
334 1817 358 1870 si
368 1831 423 1871 non
433 1816 506 1872 adsit
515 1816 587 1881 dux,
601 1816 717 1870 secundi
726 1818 867 1889 principes

68 1891 184 1964 choragi
203 1899 230 1946 et
248 1890 378 1963 praefecti
397 1891 488 1946 ordini
509 1900 667 1962 praesentes
691 1892 869 1963 suppeditant

68 1967 226 2022 necessaria
244 1967 393 2038 utiliaqoe;
423 1975 504 2038 atque
526 1967 655 2038 gentibus
674 1967 795 2022 subditis
814 1967 868 2022 suh

67 2042 228 2098 obedientia
237 2059 353 2115 magnus
362 2059 412 2096 rex
425 2041 551 2097 concedit
562 2042 728 2112 plurimum,
749 2043 785 2097 ob
798 2060 868 2113 qua-

69 2120 246 2188 lemcumque
255 2117 407 2190 legitimam
417 2131 527 2172 causam
542 2115 694 2188 dispertitis
707 2117 867 2173 civitatibus

68 2193 232 2264 praeficiens
247 2200 378 2256 rectores,
398 2201 468 2263 ques
481 2191 570 2246 solent
582 2191 735 2263 praefectos
754 2210 865 2248 vocare:

68 2269 121 2323 hoc
136 2278 231 2323 tenore
243 2267 345 2339 optime
358 2269 473 2338 iureque
484 2266 671 2322 sollicitudine
679 2267 774 2323 habita
782 2269 812 2323 in
821 2286 868 2323 ae-

68 2344 147 2398 thera
167 2341 368 2414 caeiestemqne
388 2344 462 2398 viam
481 2341 571 2397 ituros
590 2342 723 2413 propheta
736 2359 786 2414 per
801 2342 868 2397 dili-

68 2419 192 2491 gentiam
202 2418 247 2472 sui
258 2417 316 2474 loco
329 2418 442 2490 reliquit
457 2418 625 2488 inspectores
640 2435 672 2472 ac
685 2419 865 2489 praepositos,

117 2591 141 2639 ⁴⁸)
158 2603 177 2632 s
195 2593 238 2631 atet
253 2594 282 2638 et,
301 2594 334 2632 ast
350 2594 462 2642 spiraverit
477 2593 564 2641 apsaro
576 2593 700 2640 flaventem
716 2592 738 2627 ta
755 2597 800 2628 eom
815 2597 866 2637 pro·

65 2645 151 2694 photio?
176 2641 257 2683 Aucti.

118 2709 145 2736 *¹
133 2711 188 2757 ’.Η
201 2720 225 2749 eo
238 2712 284 2759 ipso
297 2713 352 2760 qood
365 2711 422 2750 Iesos
437 2711 550 2750 moecatur.
577 2709 657 2748 Auen.

107 2777 139 2838 J)
154 2776 280 2868 Opsouptas
297 2782 343 2818 erat
358 2780 381 2818 tn
394 2780 427 2819 his
441 2778 513 2824 dictis,
532 2787 586 2825 quse
598 2775 671 2814 nescio
684 2783 712 2812 an
724 2776 764 2813 rite
773 2775 865 2813 elucida-

68 2839 141 2868 vorrm.
196 2839 226 2867 uo
