2050 3100
71 164 183 232 [u,aao]
244 169 696 215 insenuerusenuorv.
827 166 875 217 433

70 281 95 329 et
105 271 174 327 urbs
184 271 400 341 Mesopotamiae
411 270 685 341 conclusatamquam
695 271 873 336 torrentibus,

69 347 190 419 propriis
203 343 370 409 fluentibus,
393 344 480 399 libero
489 362 587 417 gressu
600 344 725 415 procedit
735 347 873 417 expedite.

70 422 145 489 Quae
160 420 232 549 (poi)
247 438 312 475 vero
326 428 470 490 opponunt
484 438 513 474 se
527 420 649 474 motibus
662 421 816 476 secundum
826 440 876 476 na·

69 508 158 553 turam
186 496 255 551 actis
268 496 298 549 in
309 496 402 549 anima
412 495 567 549 illuminata
576 511 627 565 per
639 496 783 550 scientiam
793 505 820 551 et
830 515 876 551 sa-

69 573 219 643 pientiam,
247 571 277 624 in
294 570 331 623 iis
350 570 437 625 multa
454 578 520 623 sunt
535 571 659 641 negotia,
686 571 823 641 quaedam
840 572 874 625 de

70 647 165 711 nobis,
191 643 331 717 quaedam
350 662 386 699 ex
405 662 488 699 causa
507 652 633 708 externa,
659 657 732 716 quae
753 644 875 701 fluvialis

69 722 200 777 torrentis
210 728 305 775 tenore
316 719 540 775 circumcludunt
548 728 677 774 mentem.

71 878 121 927 Gra·
144 877 217 938 dalrr’t,
252 876 361 927 Gamales
379 878 469 942 sedere
496 877 633 925 crambem
660 886 728 927 extra
757 877 874 927 civitatem

137 945 208 994 iuxta
226 954 324 1008 puteum
347 962 425 1008 aquae
445 944 479 993 ad
495 961 627 1009 serperent,
657 944 752 1007 quando
770 945 875 1009 epredie-

138 1014 228 1061 bantur
246 1029 334 1076 aquam
353 1012 488 1062 haurientes
507 1014 542 1075 (s.
562 1013 728 1075 oquacicerfl
746 1017 799 1075 (24,
822 1015 873 1074 11.)

126 1123 172 1175 st.
201 1121 325 1176 Evidens
346 1127 387 1174 est
405 1118 579 1192 significatus
597 1118 716 1181 litterae,
738 1134 801 1170 nam
817 1135 875 1171 mos

69 1204 112 1251 est
122 1197 262 1251 viatorum
274 1194 347 1267 apud
358 1194 447 1249 fontes
457 1202 536 1249 nocte
550 1193 686 1249 diversari
701 1191 736 1245 ad
750 1191 876 1245 reficien-

70 1272 121 1325 dos
131 1288 163 1325 se
178 1279 205 1327 et
221 1272 342 1325 iumenta
357 1276 468 1341 propter
482 1270 662 1323 necessitates
676 1266 795 1321 itineris.
834 1265 876 1320 Ad

69 1354 192 1401 mentem
203 1362 270 1401 vero
280 1346 349 1400 haec
360 1346 464 1416 accipe.
490 1344 622 1402 Memoria
632 1358 720 1413 quum
730 1341 876 1412 quiescens

70 1431 176 1485 cessat,
198 1422 279 1492 quasi
294 1421 442 1475 dormitum
458 1436 488 1474 se
499 1428 610 1474 vertens
618 1426 694 1471 extra
705 1416 802 1471 urbem
812 1416 877 1487 qui-

71 1497 142 1552 escit
161 1496 239 1552 velut
255 1496 285 1550 in
300 1512 396 1551 somno
411 1494 444 1568 (s.
461 1494 547 1567 domi)
562 1512 597 1548 ex
612 1500 723 1557 natura,
744 1492 875 1564 quoniam

70 1574 269 1644 unusquisque
283 1589 318 1627 ex
333 1571 413 1626 nobis
428 1579 568 1642 tamquam
577 1570 676 1624 civitas
688 1566 725 1644 [Ἴ
737 1570 874 1640 apparuit,

72 1647 195 1703 aedificii
206 1646 421 1702 similitudinem
431 1645 603 1717 praeferente
615 1661 741 1716 corpore;
768 1644 877 1698 habita-

71 1725 130 1778 trix
140 1732 232 1778 autem
242 1724 334 1778 anima
346 1723 408 1793 ipsa
418 1730 469 1775 est.
503 1720 595 1788 Quum
604 1720 674 1792 vigil
685 1727 810 1774 occurrat
818 1736 877 1772 me-

72 1799 175 1862 moria,
206 1796 394 1871 expergefacit
416 1804 550 1860 mentem,
581 1796 654 1850 intra
673 1796 813 1848 civitatem
833 1795 877 1846 in-

73 1890 183 1946 gressa,
205 1875 278 1928 intra
291 1890 342 1928 nos
357 1872 489 1927 videlicet
503 1871 643 1925 habitans.
682 1869 797 1937 Quando
814 1886 877 1922 vero

73 1965 189 2002 somnus
200 1949 405 2020 supervenerit,
424 1963 552 2000 somnum
562 1945 709 1999 memoriae
724 1954 791 2016 puta
805 1944 877 1997 obli-

74 2025 200 2086 vionem,
217 2025 319 2096 migrat
333 2022 484 2077 habitatrix
497 2023 575 2075 iuxta
586 2022 741 2074 necessaria
752 2020 786 2073 de
797 2019 877 2072 nobis

73 2100 145 2170 ipsis
156 2115 282 2172 quoque,
299 2097 386 2152 donec
397 2113 507 2151 rursum
518 2105 622 2168 surgat.
661 2094 734 2163 Quid
749 2094 823 2148 enim
837 2102 878 2146 est

73 2173 194 2238 oblivio,
221 2174 276 2228 nisi
298 2189 427 2245 egressus
448 2171 529 2226 foras.
579 2170 720 2242 Optimum
741 2187 805 2224 vero
826 2177 875 2230 est,

73 2247 150 2320 quod
170 2265 225 2303 non
242 2247 333 2303 solum
349 2256 425 2302 extra
439 2246 575 2318 oppidum
589 2245 660 2299 dixit
674 2245 834 2299 memoriam
850 2244 878 2296 in

73 2341 204 2378 somnum
215 2341 245 2378 se
254 2323 385 2388 vertisse,
407 2321 456 2376 sed
472 2323 554 2376 etiam
568 2322 645 2374 iuxta
655 2328 769 2392 puteum
780 2335 876 2389 aquae,

74 2399 238 2472 significans
253 2415 308 2452 non
324 2415 384 2452 esse
393 2405 556 2470 perpetuam
566 2413 598 2450 ac
608 2394 797 2466 quotidianam
807 2392 880 2447 obli-

75 2475 201 2542 vionem3
232 2473 364 2545 quoniam
374 2474 452 2528 iuxta
463 2471 541 2526 adest
554 2469 628 2535 sons,
649 2469 683 2524 de
697 2486 752 2540 quo
767 2469 879 2538 irrigata

75 2549 234 2622 ingreditur
243 2551 272 2602 in
283 2549 404 2603 animam
415 2547 523 2620 species
537 2544 776 2600 commemorativa
791 2549 818 2595 et
831 2558 881 2594 ex-

76 2625 181 2679 cutitur
190 2641 314 2687 somnus,
326 2624 375 2695 qui
386 2623 440 2677 alio
450 2623 561 2676 nomine
571 2620 677 2675 oblivio
686 2624 798 2671 vocatur
806 2635 816 2684 z,
832 2632 881 2667 su-

77 2715 127 2769 per
137 2715 204 2772 ergo
215 2701 331 2754 veniens
342 2697 502 2771 vigilantia,
524 2697 605 2750 cuius
620 2700 662 2746 est
675 2706 774 2744 nomen
785 2705 881 2756 reapse
