2050 3100
178 259 269 325 [IL
296 255 413 322 505]
542 261 623 307 IN
658 262 997 308 EXODUM.
1046 262 1305 308 SERMO
1343 265 1406 309 11.
1680 260 1774 313 351

266 396 363 446 Cur
403 361 571 445 Moses
604 395 930 460 quadraqinta
965 395 1128 446 diebus
1162 396 1442 462 totidemque
1483 399 1692 448 noctibus

262 493 263 498 =
624 464 676 512 in
709 472 862 513 monte
886 468 1170 527 permanet?
1214 466 1335 530 (ib.)

296 569 379 621 49.
422 567 496 619 De
524 564 946 637 quadragesimo
973 581 1201 621 numero
1222 574 1276 621 et
1300 566 1573 638 quomodo
1598 569 1658 621 in
1680 586 1778 622 na-

173 652 301 697 tura
322 658 383 695 se
403 640 628 704 habeat,
671 640 997 711 iampridem
1026 650 1171 697 certe
1198 642 1504 697 indicatum
1534 642 1666 706 fuit,
1709 662 1777 698 ne

173 716 422 787 amplius
452 716 612 788 longe
643 715 794 786 loqui
823 714 1055 770 accidat.
1131 716 1195 771 Id
1214 726 1395 772 tamen
1417 717 1663 773 fortassis
1681 736 1779 773 su-

171 790 597 865 peraddendum
637 791 760 845 erit.
846 790 1162 846 Damnanda
1200 801 1314 847 erat
1332 792 1386 864 ³¹⁶)
1424 810 1560 865 gens
1598 801 1777 847 trans-

172 868 427 939 migrans
444 874 500 919 et
515 881 616 937 per
636 882 804 919 annos
825 865 1190 939 quadraginta
1210 868 1613 939 corruptionem
1641 868 1776 923 sub-

174 944 354 1005 itura,
416 941 717 1012 multiplici
745 941 971 995 invento
1007 941 1275 997 beneficio
1304 952 1358 997 et
1395 942 1777 1015 multiplic-iter

172 1015 576 1090 ingratitudine
597 1015 984 1070 demonstrata.
1063 1016 1295 1088 Aequali
1321 1018 1508 1088 itaque
1533 1026 1777 1090 tempore

172 1093 398 1147 dierum
435 1108 534 1170 pre
569 1092 728 1145 annis
768 1107 990 1145 sursum
1016 1099 1249 1162 perstat,
1299 1092 1558 1163 precibus
1595 1110 1657 1147 ao
1688 1095 1774 1146 in-

171 1168 509 1223 tercessione
527 1166 890 1221 reconcilians
911 1173 1148 1236 patrem:
1180 1168 1420 1220 maxime
1439 1168 1497 1219 in
1519 1166 1615 1220 taii
1637 1177 1778 1222 tem-

168 1239 334 1316 pore,
379 1244 437 1296 in
463 1258 574 1312 quo
593 1250 647 1296 et
665 1240 758 1296 lex
776 1240 967 1294 divina
986 1239 1148 1295 datur
1166 1249 1219 1295 et
1237 1242 1489 1311 portatile
1508 1242 1776 1311 templum

169 1319 363 1373 verbis
398 1317 655 1389 erigitur,
708 1316 1026 1370 Testimonii
1068 1315 1505 1370 Tabernaculum
1542 1315 1771 1370 dictum.

173 1394 279 1448 Cui
299 1395 452 1448 enim
474 1400 588 1447 erat
607 1390 733 1447 lex?
770 1407 904 1445 num
922 1390 1004 1454 eis
1020 1432 1033 1453 ,
1072 1392 1171 1461 qui
1190 1391 1422 1462 perituri
1444 1389 1632 1444 erant?
1668 1391 1776 1446 Aut

177 1471 338 1523 ouius
359 1468 538 1540 gratia
556 1475 711 1522 erant
728 1464 984 1521 oracula?
1009 1483 1078 1520 an
1100 1483 1289 1520 eorum
1305 1507 1317 1530 ‚
1351 1466 1448 1537 qui
1468 1466 1632 1538 paulo
1652 1476 1776 1537 post

175 1543 518 1618 deperdendi
539 1540 726 1599 erant?
764 1541 1051 1598 Caeterum
1066 1541 1207 1596 mihi
1228 1541 1476 1603 videtur,
1519 1540 1667 1614 quod
1688 1541 1776 1596 di-

171 1631 271 1679 cat
289 1619 525 1692 aliquis:
567 1618 983 1673 Praesciebatne
1011 1617 1155 1673 iliud
1184 1617 1335 1688 quod
1362 1616 1607 1672 futurum
1624 1627 1776 1689 post·-

169 1696 403 1752 modum
432 1704 546 1758 erat
575 1694 627 1749 ei
656 1691 967 1748 iudicium?
1001 1694 1390 1758 Verumtamen
1411 1693 1507 1764 qui
1531 1693 1666 1748 haec
1688 1693 1775 1748 di-

171 1773 249 1827 cit
264 1813 278 1837 ‚
300 1771 549 1826 revolvet
566 1770 626 1824 in
646 1777 826 1824 mente
840 1810 854 1832 ‚
884 1768 1034 1843 quod
1055 1770 1233 1824 omnis
1257 1768 1439 1823 anima
1455 1769 1773 1840 prophetica

172 1848 278 1902 deo
303 1847 578 1909 initiatur,
621 1852 676 1900 et
702 1844 941 1916 plurima
970 1843 1279 1907 futurorum
1308 1861 1413 1898 non
1448 1845 1774 1917 cogitatione

171 1923 359 1994 potius
375 1965 388 1986 ‚
426 1937 596 1994 quam
616 1919 807 1974 divino
826 1927 1002 1974 oestro
1026 1936 1255 1983 securus
1276 1919 1620 1991 praescribit.

279 2063 356 2128 [Ἴ
435 2060 595 2119 Quare
623 2061 862 2126 primitias
901 2062 963 2110 ab
999 2061 1209 2110 omnibus
1243 2060 1384 2110 corde
1417 2061 1676 2110 volentibus

636 2129 762 2179 iubet
797 2129 1044 2193 accipere?
1096 2134 1201 2193 (25,
1232 2129 1307 2189 2.)

263 2236 374 2288 -5o.
433 2231 532 2286 Cor
561 2248 708 2286 nunc
737 2248 836 2309 pro
863 2230 1163 2303 principali
1192 2229 1269 2302 (in
1301 2229 1541 2304 homine)
1571 2231 1629 2284 in
1657 2248 1771 2284 me-

170 2309 332 2367 dium
363 2307 554 2361 sumit.
632 2306 763 2363 Vult
792 2323 920 2378 ergo
947 2307 1223 2393 primitias
1250 2306 1559 2360 voluntaria
1586 2305 1772 2362 indole

169 2383 385 2440 oblatas
423 2381 727 2449 introduci;
788 2381 1054 2436 divinitas
1094 2381 1242 2442 enim
1289 2398 1393 2434 non
1438 2379 1628 2452 indiga
1670 2387 1770 2432 est.

149 2459 279 2526 Qui
319 2475 452 2517 vero
491 2457 702 2512 invitus
741 2456 1028 2520 obtulerit,
1087 2456 1356 2510 oblivioni
1396 2453 1651 2513 traditur,
1714 2470 1773 2505 se

171 2537 359 2607 ipsum
402 2532 627 2589 fallens:
690 2548 864 2603 quum
897 2539 1185 2604 argentum
1224 2529 1453 2601 quidem
1491 2537 1584 2581 aut
1620 2527 1772 2583 aliud

211 2613 476 2688 uinquam
493 2605 883 2670 introduxerit,
922 2611 1187 2676 primitias
1217 2615 1397 2658 tamen
1428 2602 1656 2655 minime
1676 2601 1775 2655 ad-

171 2628 418 2741 duxerit.
497 2681 973 2749 Quemadmodum
1001 2690 1054 2736 et
1082 2681 1180 2753 qui
1205 2675 1539 2732 immolabat
1569 2677 1773 2730 hostias

276 2828 320 2875 ’)
367 2825 433 2870 Gt.
461 2835 591 2874 supra
617 2823 714 2864 Vol.
740 2824 815 2865 VI.
843 2835 884 2873 p.
913 2824 1001 2863 275.
