2050 3100
145 121 180 176 72
266 125 364 170 PHIL.
385 123 462 170 1111).
484 121 645 178 QUAEST.
665 121 712 165 ET
732 121 810 166 SOL.
831 115 963 183 [lietu]
988 130 989 200 t

259 288 306 338 Gur
316 288 396 337 dicut:
414 285 481 348 „Sic
490 287 551 351 fae,
570 285 759 334 sieutdinistWt
777 286 835 350 (ib.)
989 244 990 308 i

199 392 227 446 7.
258 387 445 461 Reprehendit
469 387 614 460 ambiguos
638 395 729 441 mente
749 395 776 443 et
795 385 956 460 bilingues,
990 358 991 386 ¹

145 469 196 538 qui
216 465 294 520 aliud
313 465 410 519 dieunt
429 470 456 517 et
475 464 641 517 eontrarium
664 469 759 534 agunt.
798 463 959 518 Honestum
991 473 992 488 ³

148 551 240 597 autem
259 541 381 612 seligens
401 537 567 592 determinat
587 554 637 608 per
656 537 781 592 ordinem
802 538 958 610 utriusque
992 595 993 600 ,

146 619 255 679 vivere,
277 616 316 669 ita
329 622 361 668 ut
377 613 461 668 verba
479 613 559 684 prius
579 611 746 667 inclinentur
767 611 801 666 ad
819 629 905 683 opera
928 623 959 668 et

146 709 228 762 opera
244 690 278 745 ad
294 688 392 744 verba:
414 695 508 758 utpote
526 685 598 741 sieut
617 695 658 741 est
676 687 807 758 verbum,
833 688 899 741 talis
916 690 958 743 sit

147 769 218 834 vita,
241 773 268 820 et
282 763 374 837 qualis
392 762 463 826 vita,
483 763 547 816 talis
563 770 590 816 et
604 779 694 818 sermo
708 762 840 834 sapientis
851 761 957 817 videa-

147 852 201 896 tur.

150 998 230 1056 Quare
243 1015 321 1048 omnes
327 997 464 1064 sesnnantt
480 995 515 1046 uit
529 996 601 1046 enim:
619 994 775 1060 „Festinavit
787 993 912 1044 Abraham
926 997 953 1046 in

216 1065 391 1116 tubernaculum
405 1065 440 1114 od
451 1064 567 1127 Sur-ram,
583 1073 606 1113 et
621 1063 682 1112 duat
695 1063 730 1112 ei:
744 1061 846 1112 Festino
854 1072 878 1112 et
887 1080 953 1112 eom-

214 1135 284 1184 miace
295 1145 342 1184 tres
354 1149 475 1183 muneras
489 1132 590 1195 similare,
611 1131 683 1195 etsae
692 1130 877 1179 subcinericium.
913 1130 954 1180 Et

216 1202 252 1251 nd
259 1211 388 1252 amentum
396 1201 499 1252 eueurrr't
509 1209 532 1251 et
539 1199 636 1262 sumpsit
644 1198 740 1248 vitulum
750 1207 859 1258 tenerum
872 1196 953 1247 dedit·

215 1287 260 1334 que
266 1288 354 1334 puero,
371 1279 394 1318 et
400 1267 630 1333 properauitsaeer·e
640 1265 728 1316 {tw
742 1267 795 1332 (18,
807 1265 863 1324 ts.)

205 1383 230 1430 8.
252 1379 324 1431 Laus
340 1385 381 1430 est
396 1378 464 1430 haee
478 1375 598 1446 sapienti
613 1374 766 1430 seeundum
780 1392 864 1429 unam
879 1375 953 1430 alte-

148 1468 242 1506 ramve
253 1451 464 1521 apparitionem.
503 1453 573 1504 Nam
584 1450 608 1503 si
622 1451 696 1506 viros
711 1451 871 1522 peregrinos
888 1451 953 1504 exi-

149 1525 272 1581 stimavit
283 1524 318 1579 ad
328 1541 358 1579 se
372 1525 527 1588 venientes,
539 1524 574 1579 de
585 1523 754 1581 humanitate
765 1535 792 1581 et
801 1524 952 1598 hospitali-

134 1609 202 1657 ·tate
218 1598 361 1654 mirandus
378 1607 432 1667 est3
462 1597 487 1653 si
506 1616 572 1655 vero
589 1600 673 1655 deum
692 1601 838 1656 advenisse
858 1610 952 1657 ratum

147 1676 246 1732 habuit
260 1692 315 1728 una
329 1690 392 1727 eum
408 1675 497 1745 ipsius
515 1675 614 1746 primis
629 1676 793 1740 virtutihus,
816 1674 966 1731 felicissi-¹

148 1770 210 1806 mus
225 1757 266 1804 est
279 1748 425 1803 dicendus.
462 1748 626 1804 Secundum
640 1751 734 1822 itaque
748 1752 951 1823 apparitionem

150 1828 270 1880 virorum
285 1824 493 1896 peregrinorum
507 1824 703 1895 hospitalitatis
717 1844 817 1881 munus
831 1834 968 1882 exereu-‘

147 1902 203 1955 isse
218 1900 335 1970 putandi
348 1907 413 1953 sunt
426 1897 565 1953 Abraham
580 1907 606 1954 et
620 1917 690 1955 uxor
703 1909 730 1955 et
743 1919 824 1973 puer;
847 1919 951 1957 secun-

147 1976 214 2030 dum
224 1973 329 2028 veroid
339 1974 414 2044 quod
425 1983 541 2045 egerunt
551 1991 615 2047 erga
626 1975 737 2031 divinas
747 1977 877 2041 virtutes,
894 1994 951 2032 non

147 2050 267 2121 amplius
277 2049 404 2103 homines
414 2057 478 2103 sunt
488 2049 601 2104 dicendi
612 2049 776 2122 hospitales,
797 2050 846 2105 sed
856 2052 951 2107 incor-

146 2126 233 2197 porei.
260 2124 319 2178 Viri
330 2131 420 2178 autem
431 2132 459 2179 et
466 2125 562 2179 uxoris
573 2123 674 2179 formas
684 2126 726 2181 sia
736 2126 844 2197 accipe:
860 2144 951 2182 unum

147 2208 178 2254 ut
192 2198 349 2272 symbolum
364 2200 449 2254 animi
464 2201 623 2271 purissimi,
649 2202 699 2272 qui
714 2199 852 2256 Abraham
866 2218 951 2257 voee-

146 2284 205 2338 tur‚
228 2281 254 2329 et
268 2275 394 2338 alteram,
419 2274 615 2345 perfectionem
632 2276 759 2341 virtutis,
781 2292 851 2347 quae
867 2276 950 2331 Sarra

150 2346 186 2425 [*]
204 2349 325 2418 dicatum
347 2348 540 2415 illudentem,
561 2350 636 2421 quod
650 2351 818 2421 prolativum
832 2359 874 2406 est
885 2368 951 2406 ver-

147 2426 229 2491 bum,
251 2423 376 2498 pueriut
385 2424 525 2497 minister)
536 2425 705 2496 appellatum
718 2433 767 2480 est.
806 2426 951 2482 Festinant

147 2509 238 2556 autem
249 2500 372 2556 studiose
381 2500 497 2569 sineque
507 2501 680 2554 cunctatione
690 2501 799 2554 animus
810 2509 837 2555 et
847 2501 947 2565 virtus,

147 2571 380 2634 accelerantesad
394 2572 529 2643 placitum
546 2582 572 2627 et
587 2575 773 2628 ministerium
792 2575 838 2629 dei
858 2576 955 2647 virtu·-

147 2658 261 2722 tumque
275 2652 349 2707 eius:
374 2648 413 2702 ita
426 2656 457 2703 ut
471 2649 580 2703 animus
590 2649 740 2719 praepositi
750 2666 825 2705 more
835 2657 913 2723 regat
923 2659 950 2705 et
