2050 3100
47 118 202 188 [nitente]
247 125 316 172 ure.
334 125 384 171 nn
406 124 648 177 autumnus.
797 116 866 181 437,

106 225 152 282 tt.
177 224 318 282 Caeterum
332 223 418 283 multe
431 225 496 280 tunt
509 232 537 281 et
550 224 604 281 alia
619 225 749 283 relatione
761 225 847 303 digna

47 303 88 358 de
101 301 251 373 sapientie,
272 307 327 371 que
341 306 455 355 utuntur
471 299 615 367 enimelie3
647 299 788 364 sufiiciunt
806 310 848 357 te·

46 394 117 433 men
126 376 182 433 iam
192 375 275 433 dieta.
313 373 478 431 Audendum
489 372 531 449 [³¹⁵]
540 382 625 440 esset,
638 375 713 447 quod
722 393 777 435 nen
787 384 848 436 tan·

47 463 112 508 tum
125 452 291 525 micetius,
311 449 361 505 sed
373 450 457 508 etiam
469 448 625 509 sobrietatis
640 452 788 523 participes
799 452 848 510 be·

49 526 124 582 stiae
142 534 216 581 sunt.
254 523 332 594 Quod
350 524 374 578 si
388 540 458 595 opus
474 526 526 580 erit
540 525 633 580 verbis
646 542 697 597 pro
709 525 792 580 rebus
807 527 848 581 eis

47 601 232 665 necessariis,
253 606 349 655 aecem
362 600 500 653 emittunt.
539 598 608 666 Quis
623 605 688 655 vero
701 600 775 673 apud
785 601 848 656 illas

50 673 849 747 apparamsdapiumeutquaevineleutia,autquaeebrie-

47 760 106 813 tes
115 758 242 820 eutquae
252 764 401 820 eoquorum
410 748 690 821 pistorumqueopera
699 751 847 823 superflue,

49 832 127 880 artes
136 824 231 877 miseri
243 824 348 879 renuis
362 838 470 886 eorum,
492 824 542 893 qui
556 824 701 879 nobiseum
713 828 849 899 voluptati
890 834 893 844 ’

49 898 142 954 dediti
153 896 238 955 eunti
263 900 379 969 Insuper
393 896 540 969 superbiae
553 899 682 970 procellis
697 916 746 955 nes
764 902 850 957 iaeta-

48 975 91 1037 ti,
110 981 211 1045 mente
222 990 291 1028 eene
304 980 396 1045 aperte
407 988 454 1027 ere
467 972 563 1027 mirari
578 989 631 1027 nen
648 974 846 1040 erubescimus,

48 1049 215 1122 praesertim
233 1064 320 1120 quum
337 1047 486 1118 supercilia
504 1046 694 1102 contrahentes
713 1051 849 1104 cervices·

48 1122 294 1197 queextuilentee.
314 1122 446 1177 beiiuiuie
455 1122 601 1177 sententiis
610 1122 725 1188 tumidi,
747 1123 848 1179 deserti

48 1200 191 1270 nonique
203 1205 308 1262 mente,
329 1198 444 1253 remisso
458 1196 531 1252 iaetu
540 1197 605 1252 elati
616 1206 774 1269 reputamus
784 1216 849 1253 nes-

49 1281 111 1329 met
127 1274 216 1345 ipses3
229 1280 268 1327 'ut
285 1281 381 1344 poetae
398 1272 509 1337 dieunt,
530 1271 585 1326 diis
604 1274 744 1347 pmximos
763 1272 849 1328 iaetus

49 1348 142 1404 fuisse
158 1348 265 1403 semiue
282 1358 310 1403 et
326 1348 496 1419 prupinquus
508 1348 700 1421 generatione,
721 1364 818 1403 verum
834 1365 850 1402 a

49 1422 229 1496 eibeexigue
237 1430 359 1497 potuque
368 1422 503 1493 superati,
519 1422 598 1477 humi
606 1422 737 1487 iacemus,
750 1422 785 1477 eb
796 1422 849 1479 nito

49 1498 131 1556 eaelo
147 1498 287 1554 cedentes.
324 1498 395 1553 Ecce
407 1497 485 1553 illico
496 1496 611 1554 obnoxii
626 1514 722 1554 eumue
736 1514 791 1554 uon
804 1514 850 1554 se-

49 1574 236 1646 iumpudori,
252 1573 441 1629 verumetiam
449 1575 572 1646 corperis
586 1572 752 1629 infirmitati:
783 1576 849 1646 quia
897 1594 900 1601 ¹

49 1649 214 1707 munem
224 1656 251 1703 et
260 1649 353 1721 gulam
363 1656 516 1720 sequuntur
524 1648 627 1714 morbi,
646 1649 850 1722 exiguamque

49 1725 118 1781 dem
126 1724 259 1787 minores,
273 1727 497 1779 maximumvero
506 1723 736 1780 irremediabiles.
797 1731 816 1746 '⁰

110 1830 154 1884 te.
177 1826 213 1884 dt
226 1827 345 1893 bestiae.
359 1845 430 1904 quae
440 1829 600 1903 parcitatem
610 1829 733 1888 alimenti
744 1830 778 1885 ab
788 1831 849 1904 ipse

49 1904 196 1963 nativitate
204 1910 357 1963 statuerunt
366 1904 421 1960 sibi
432 1903 599 1970 adsciscere,
621 1905 715 1962 herbis
727 1923 849 1976 pascun-

48 1990 99 2035 tur
113 1984 140 2034 et
154 1978 264 2052 exiguis
278 1986 419 2039 contentae
433 1986 507 2035 sunt.
546 1978 667 2048 Quarum
679 1988 760 2052 potus
779 1997 849 2052 equa

49 2062 105 2116 est,
117 2071 172 2108 non
183 2062 273 2108 tamen
283 2052 423 2126 frequens,
434 2052 484 2110 sed
493 2054 580 2110 semel
590 2057 619 2112 in
630 2054 685 2119 die,
701 2053 849 2128 aliquando

48 2130 208 2201 etiampest
222 2128 322 2183 multus
336 2145 443 2184 menses
456 2137 592 2201 peractos.
630 2129 699 2183 Nam
713 2128 849 2202 quaedem

48 2202 181 2259 hibernis
191 2202 398 2275 tempestatibus
408 2202 458 2258 vix
471 2203 585 2266 bibunt.
607 2219 622 2256 a
643 2219 694 2258 uae
708 2202 767 2258 loeo
780 2203 847 2259 satis

49 2277 189 2335 hebentes
203 2277 292 2349 frigus
307 2279 376 2332 airis
391 2286 417 2332 et
426 2275 526 2332 viridis
536 2283 631 2347 pastus
660 2293 783 2331 umorem
795 2277 848 2331 hu-

47 2353 173 2414 midum.
212 2351 324 2408 Adheec
332 2353 446 2424 prurigo
455 2352 504 2408 itta
512 2368 550 2407 ex
559 2349 722 2406 humiditate
730 2359 789 2406 orta
799 2368 848 2405 eu-

47 2427 214 2502 piditasque
232 2427 288 2482 sub
305 2435 400 2484 uentre
417 2426 554 2482 exsistens
573 2425 692 2482 nimium
709 2426 799 2481 mimr
822 2435 849 2482 et

48 2503 157 2574 exigua
168 2499 204 2575 [*]
216 2501 274 2557 illis
286 2510 338 2557 est.
375 2501 530 2559 Nonnullae
537 2500 612 2565 enim
622 2495 705 2558 imno
716 2505 846 2573 tempore,

49 2579 125 2634 aliae
135 2576 288 2635 autumnali
298 2575 467 2634 ferunturad
475 2577 591 2645 eeitum;
613 2577 848 2647 suntetiemane

49 2649 140 2711 semel
151 2651 181 2712 in
191 2667 262 2707 anno
274 2649 495 2724 mugredientur.
533 2652 662 2708 Feminae
676 2667 741 2708 vem
754 2667 848 2707 earnm
