2050 3100
142 113 192 168 256
267 116 704 174 Purc.1un.Qunssr.nr
728 115 804 159 sou.
828 109 943 177 [ruere]

143 222 306 290 arboresque
321 226 347 272 et
361 215 440 271 flores
455 224 481 270 et
496 216 611 271 lructus.
650 214 873 270 Benedictionem
888 235 943 271 au·
1012 236 1013 261 ;

141 305 196 349 tem
206 301 333 356 meretur,
346 309 400 365 non
410 292 459 362 qui
469 291 499 344 in
510 308 565 345 uno
575 298 696 361 tempore
706 298 746 344 est
756 290 822 344 boni
832 290 939 356 odoris,
1012 352 1013 357 Ἰ

140 370 228 424 bonae
249 368 341 439 spicae
361 375 387 420 et
404 366 470 421 boni
484 365 605 429 fructus,
625 364 674 419 sed
688 374 819 438 perpetua
833 366 941 439 gaudet
1012 390 1013 437 3

141 443 290 511 fertilitate.
329 440 444 495 Animae
453 442 525 494 ‘vero
539 457 652 511 campus
666 448 706 495 est
715 440 815 511 plenus
825 441 941 513 sapien·

140 521 177 573 tia
193 526 335 588 rorataque
350 515 383 588 (s.
395 515 565 588 roratusque)
580 516 694 581 virtute3
729 512 834 569 fructus
845 526 939 571 autem

141 592 250 665 singula
260 609 342 662 opera
351 599 378 645 et
386 589 536 645 conformia
547 592 587 645 eis
597 590 693 653 verba,
706 606 823 660 quorum
833 608 938 646 unum·
1012 580 1013 605 ¹

140 666 278 740 quodque,
289 675 320 721 ut
328 668 367 721 ita
377 665 476 730 dicam,
488 666 628 737 privatum
637 664 747 719 odorem
756 682 822 734 prae
832 682 863 719 se
873 665 936 729 fert,

141 741 293 797 secundum
303 740 492 814 prudentiam,
507 739 660 795 secundum
670 739 844 794 sobrietatem
855 748 882 795 et
892 759 938 795 se·
1012 760 1013 797 ;

140 816 262 872 cundum
277 817 422 871 iustitiam.
460 816 530 871 Nam
544 816 624 886 quasi
638 814 801 887 fragratioue
819 814 937 871 donatur

139 894 196 948 vita
206 900 298 947 nostra
307 891 426 964 singulis
436 904 472 945 ex
481 890 646 954 virtutibus
658 890 808 961 spiramina
818 888 936 963 (suavia)
1012 890 1013 923 ³

139 984 271 1041 spargens
281 985 331 1039 per
341 966 414 1021 dicta
424 965 458 1020 ad
468 966 618 1037 proximos,
631 966 679 1035 qui
685 964 845 1027 melioribus
850 982 935 1037 quam

139 1060 175 1097 ex
187 1043 316 1098 thuribus
334 1043 494 1112 cunctisque
510 1041 632 1095 materiis
647 1038 749 1113 (thuris
764 1039 865 1113 instar)
879 1040 936 1094 fra·

139 1119 296 1192 grantibus‚
318 1116 486 1189 incorporeis
500 1116 632 1169 nimirum
645 1113 776 1171 odoribus
792 1116 858 1169 tacti
877 1115 935 1170 lae-

138 1203 230 1249 tantur
240 1210 414 1267 magnopere.
444 1188 523 1257 Q'uod
534 1198 624 1257 autem
634 1207 716 1261 super
726 1190 817 1244 omnia
828 1189 934 1245 dictum

139 1278 193 1331 est,
215 1269 340 1343 sigillum
354 1265 542 1322 affirmationis
556 1266 721 1336 comperitur
731 1266 804 1328 eius,
825 1266 874 1335 qui
885 1282 934 1320 su-

138 1362 250 1416 premus
265 1352 318 1411 est;
349 1343 480 1415 quoniam
493 1340 655 1407 benedicere
668 1348 695 1394 et
707 1339 834 1405 benedici
844 1339 879 1394 ab
889 1358 931 1405 eo,

137 1592 293 1648 florentium
303 1591 445 1664 frugiferis
455 1595 597 1666 auspiciis,
613 1592 812 1648 benedictionis
822 1610 933 1668 quoque

138 1668 249 1740 dignus,
263 1665 338 1737 quod
348 1684 402 1722 non
412 1675 534 1742 tempore
545 1676 704 1742 egestuosus
715 1667 807 1741 (moro.
820 1669 932 1743 segetis)

138 1762 153 1798 a
164 1741 331 1817 fecunditate
341 1742 390 1805 sit,
405 1741 454 1796 sed
463 1746 579 1814 perenni
590 1742 728 1799 fertilitate
737 1743 863 1799 refertus.
883 1743 932 1798 Est

137 1814 211 1871 enim
222 1817 313 1870 anima
322 1816 405 1888 plena
418 1819 570 1890 sapientiae
584 1827 611 1874 et
623 1835 688 1892 ager
700 1815 932 1891 pastinatissimus

137 1892 349 1963 disciplinarum
363 1909 462 1963 capax,
484 1893 578 1968 fruges
593 1902 684 1949 autem
699 1894 763 1948 lacit
778 1893 931 1948 laudabiles

137 1969 208 2039 ipsis
225 1966 356 2038 operibus
374 1969 511 2033 veritatis,
539 1986 656 2040 quarum
673 1969 799 2042 singulae
819 1985 868 2041 pro
885 1970 931 2040 pio
990 2001 992 2006 ·

137 2043 229 2115 (scarp.
249 2041 369 2114 proprio)
387 2043 521 2113 pollentes
540 2043 622 2099 odore
639 2044 854 2108 benedicuntur,
882 2060 931 2114 pro
1012 2067 1013 2104 t

138 2117 283 2190 vigilantia
296 2116 442 2189 pudicitia.
485 2120 523 2172 De
537 2119 656 2190 siugulis
672 2121 746 2173 enim
763 2119 862 2174 vitales
876 2120 931 2173 ori-

137 2201 221 2246 untur
238 2209 353 2263 vapores
373 2193 518 2248 suavitatis
536 2195 566 2248 in
585 2193 711 2248 dicendis
731 2193 928 2268 gerendisque:

136 2284 201 2322 suos
220 2269 303 2322 etiam
320 2269 543 2339 approximantes
562 2268 699 2324 delectant
706 2283 719 2334 ,⁸
737 2267 813 2340 quod
831 2269 930 2324 melius

136 2351 177 2398 est
186 2344 269 2398 totius
280 2341 421 2398 libaminis
435 2352 461 2398 et
471 2344 636 2410 hostiarum,
658 2352 685 2399 et
694 2343 930 2400 odoramentorum

136 2418 298 2473 iucundius:
328 2418 470 2489 pulsantes
493 2420 568 2474 enim
591 2428 695 2475 mentes
713 2420 928 2490 incorporaliter,
1012 2465 1013 2474 ,

136 2492 312 2547 exhortantur
323 2493 454 2564 ampliare
465 2493 634 2549 charitatem.
674 2495 722 2548 Est
736 2495 811 2548 enim
825 2511 875 2566 pro
887 2495 931 2548 in·
1012 2475 1013 2496 ¹

135 2572 211 2636 tegre
221 2567 301 2621 titulo
310 2567 471 2637 plenissime
482 2567 600 2632 dictum,
622 2569 697 2639 quod
707 2565 801 2639 siquid
815 2568 932 2625 benedi·
1012 2607 1013 2640 3

135 2638 220 2701 citur,
247 2641 415 2712 acceptabile
431 2652 473 2699 est
490 2643 579 2697 autori
597 2642 708 2698 domino
726 2644 938 2718 uniuersorum,¹
1012 2673 1013 2684 ,
