2050 3100
182 238 230 305 37⁰
326 258 421 303 rum.
435 257 508 303 run.
524 256 683 314 Quansr.
696 256 747 300 aa
763 256 841 301 son.
861 251 903 318 [11‚
916 252 978 318 saa]

182 358 229 413 tile
239 357 372 428 templum
387 366 428 411 ast
442 356 501 421 dei,
522 373 612 428 neque
625 355 724 411 stabile
739 356 917 429 firmumqu03
949 366 979 413 et

181 448 251 503 quae
261 440 322 503 post
331 431 437 487 caelum
447 439 524 495 sunt,
537 431 681 486 mutabilia
690 440 768 495 sunt,
780 432 838 487 solo
848 433 925 488 caelo
937 431 976 508 [¹⁵]

181 505 390 562 immutabiliter
408 514 495 561 stante
509 523 602 577 perse
616 513 643 560 et
656 522 765 577 semper
779 508 979 578 coaequaliter

181 581 307 637 habente.
347 581 448 636 Verum
462 589 489 635 et
503 580 673 652 ethopoeiam
692 581 840 652 quamdam
859 582 979 638 exhibet

181 664 284 711 textus:
315 656 445 727 quoniam
459 672 508 726 per
523 654 664 711 desertum‘
672 656 839 723 transibant,
858 656 909 711 ubi
926 675 979 713 nec

180 731 300 803 porticus
315 747 366 785 nec
381 729 478 786 domus
493 739 582 798 erant;
613 731 789 786 tabernacula
803 738 895 786 autem
910 749 980 803 pro-

180 814 239 877 pter
249 806 417 861 necessarios
427 822 494 861 usus
503 805 574 860 lacta
583 814 660 869 sunt,
682 805 718 861 ad
727 805 920 861 auxiliandum
930 825 979 862 ca·

180 881 230 936 lori
242 899 256 935 a
267 880 335 936 facie
351 880 505 953 frigoris*),
522 881 726 935 sanctissimum
738 881 872 952 templum
885 884 978 951 patris

179 955 362 1027 creatorisque
373 956 564 1011 universorum
574 972 693 1026 aequum
701 955 782 1011 duxit
792 972 861 1010 esse.
890 956 979 1011 Prae-

179 1040 250 1085 terea
270 1030 477 1086 tabernaculum
497 1030 688 1102 indigentibus
706 1031 820 1085 minime
844 1028 978 1103 indigens

179 1122 276 1161 nomen
300 1105 427 1161 divinum
451 1103 603 1160 cohabitari
624 1104 721 1160 eodem
738 1106 767 1159 in
786 1104 976 1170 tabernaculo,

178 1190 311 1253 quantum
321 1182 427 1252 opinari
441 1180 517 1244 licet,
539 1179 748 1243 demonstravit,
770 1179 806 1234 ad
818 1182 980 1251 perceptio—

179 1274 241 1315 nem
258 1257 368 1329 pietatis
387 1255 595 1329 condignaeque
616 1256 778 1310 sanctitatis.
822 1253 874 1321 Qui
897 1258 978 1311 enim

97 1370 101 1376 -
178 1332 304 1388 viderent
317 1331 408 1387 divini
422 1329 518 1403 templi
532 1331 761 1385 constructionem
774 1329 894 1383 similem
913 1347 978 1385 esse

177 1416 289 1463 naturae
303 1423 369 1462 suae
384 1405 431 1480 (nl.
447 1404 613 1460 habitaculis
628 1404 710 1477 suis),
732 1404 801 1476 quid
816 1404 916 1459 lecturi
933 1424 977 1461 es-
1023 1463 1024 1466 ,

177 1490 251 1545 sent,
272 1481 327 1536 nisi
341 1498 391 1552 pro
405 1480 512 1537 viribus
526 1480 585 1535 suis
595 1478 629 1552 (s.
639 1488 749 1552 propter
758 1477 977 1535 similitudinem

177 1556 275 1629 visam)
285 1556 409 1622 studere,
426 1565 455 1612 ut
465 1556 591 1612 adoretur
601 1563 627 1610 et
641 1554 819 1611 benedicatur
833 1555 977 1625 inspector

176 1632 355 1702 provisorque
369 1649 436 1686 suae
450 1632 571 1687 virtutis.
611 1630 686 1686 Adeo
700 1630 844 1686 familiaris
859 1637 902 1684 est
923 1632 975 1686 deo

178 1703 278 1770 virtus,
300 1705 461 1761 aministril

217 1843 296 1902 Quare
314 1846 730 1980 tabenaculumh,‚bdgen(rbc3rtiaoa
751 1849 787 1911 (a.
806 1845 938 1908 attheo)“

504 1932 521 1963 a
608 1934 616 1965 1
635 1952 641 1965 .

229 2014 270 2065 8t.
297 2009 384 2084 Saepe
402 2012 512 2084 saepius
532 2013 612 2084 plura
631 2012 703 2068 dicta
717 2020 782 2066 sunt
796 2011 831 2066 de
845 2009 970 2074 denario,
1020 2014 1021 2055 l

174 2101 245 2156 quae
264 2085 319 2140 huc
336 2086 482 2142 transferre
502 2087 583 2142 facile
603 2096 644 2142 est
663 2089 717 2148 eis,
739 2088 789 2158 qni
804 2085 889 2141 velint
905 2103 973 2157 pro-

175 2161 279 2215 trahere
300 2179 462 2218 sermonem.
502 2163 588 2218 Nobis
606 2171 697 2217 tamen
711 2161 857 2217 verborum
870 2161 972 2230 pauci·
1019 2184 1020 2239 l

175 2244 214 2288 tas
227 2235 353 2291 amabilis
365 2247 414 2303 est,
430 2245 456 2295 et
466 2238 541 2309 quod
551 2238 617 2293 olim
626 2237 730 2292 dictum
740 2235 802 2301 luit,
814 2235 879 2289 satis
888 2233 970 2290 iuvat

173 2311 385 2368 admemoriam.
450 2327 453 2332 ·
1018 2318 1019 2321 ’

175 2451 255 2510 Quare
273 2456 376 2506 coronae
393 2454 447 2518 „de
465 2456 532 2521 bysso
550 2463 610 2504 torto
627 2463 649 2502 et
669 2452 796 2518 hyacintho
817 2460 840 2501 et
856 2465 967 2514 Μηνᾶ
1017 2454 1018 2461 ’

351 2565 354 2570 .
416 2531 439 2572 et
456 2539 525 2572 cocco
543 2523 644 2571 torto“t
660 2521 720 2585 (ib.)

182 2661 184 2666 -
226 2627 269 2680 st.
289 2627 360 2682 llaec
370 2626 404 2681 de
415 2607 547 2696 apparatu
556 2623 644 2688 dicta,
661 2629 841 2694 contentaque
851 2633 964 2674 numero
1016 2620 1017 2627 ’

172 2721 381 2737 Μ

220 2763 241 2809 “)
254 2764 289 2803 Ad
301 2767 400 2806 verbnm:
419 2764 519 2803 mutilam
532 2765 583 2802 dare
596 2765 664 2802 calcet
672 2765 799 2812 castinum
816 2763 894 2802 lenm:
914 2768 961 2797 con·

171 2812 204 2852 tra
217 2816 293 2854 catam
307 2820 326 2857 et
333 2816 426 2865 srioon'a
439 2815 574 2854 intonsum
601 2814 680 2853 Aaou.
1014 2822 1017 2955 Ι
