2050 3100
23 314 25 336 ¹.
109 282 229 349 [initu]
299 288 426 335 SERMO
444 286 495 335 DE
519 288 731 338 SAMPSONE.
869 284 918 337 393

20 430 23 457 ,
108 388 229 455 Quando
243 389 336 460 itaque
352 388 381 443 in
397 389 482 443 altum
497 405 562 443 eum
575 388 641 444 fune
651 390 752 445 tollens
761 392 919 464 strangula-

20 514 21 517 ,
107 466 152 519 vit
167 472 195 518 et
209 464 354 519 emolliens
369 463 512 529 dissolvit,
535 464 646 519 blandis
660 466 756 520 verbis
770 466 915 530 illusoriis,

104 540 149 594 ita
163 546 195 593 ut
210 536 394 613 [*]-iuteriora
413 540 553 593 viscerum
574 539 685 595 iuvenis
705 542 852 613 attingeret
861 549 918 597 tor-

105 613 213 669 mentis
228 614 426 686 cupiditatum,
444 614 659 685 nequiensille,
676 616 752 686 quod
763 616 845 671 facile
860 625 918 671 erat

105 705 162 761 per
175 688 347 744 intellectum
362 688 487 752 consilii,
509 688 634 744 detinere
647 706 678 743 se
688 690 724 745 ab
734 691 831 747 ardore
841 708 919 746 amo-

104 764 165 828 ris,
188 764 279 836 coepit
293 780 389 819 arcana
405 763 564 819 indicibilia
578 765 749 836 expandere,
771 766 915 831 etdioere:

107 839 248 895 Novacula
257 856 309 893 noo
318 842 442 893 ascendat
450 855 529 907 super
538 849 617 908 caput
625 857 709 894 meum
722 848 812 908 (ludia
824 850 864 909 13,
877 846 915 905 o).

105 912 211 970 Mulier
224 922 315 969 autem
326 912 502 985 impudenter
513 913 634 969 dormire
644 932 707 970 eum
718 914 822 970 faciens
832 932 917 987 super

107 1004 201 1061 genua
212 1004 275 1053 sua,
292 997 372 1055 vocat
380 997 533 1044 tonsorem:
564 998 648 1060 atque
662 990 761 1045 itacui
775 992 855 1062 prius
865 990 917 1045 ho-

106 1072 202 1119 nestas
213 1062 326 1119 detonsa
337 1063 439 1127 luerat,
454 1064 631 1136 postmodum
640 1065 729 1119 virtus
740 1081 851 1136 quoque
865 1064 917 1121 de·

105 1138 248 1195 tondetur.
286 1139 352 1195 Erat
366 1148 458 1197 autem
473 1156 608 1197 unacum
622 1139 751 1195 sensibili
766 1147 874 1195 tonsore
890 1147 918 1195 et

105 1212 300 1287 intelligibilis
310 1220 402 1273 tonsor
412 1213 557 1279 diabolus,
578 1214 628 1285 qui
643 1230 708 1269 cum
722 1212 848 1268 crinibus
857 1215 917 1268 vir-

74 1322 78 1325 -
105 1297 196 1345 tutem
210 1290 295 1347 otiam
308 1287 413 1349 decidit
429 1288 550 1360 lecitque
564 1305 628 1344 eum
641 1290 713 1342 sicut
724 1304 811 1344 unum
821 1305 856 1342 ex
865 1287 917 1343 ho·

105 1363 234 1421 minibus
244 1372 356 1435 peccato
365 1358 555 1441 studentibus.
597 1364 601 1370 ’

162 1493 190 1566 2,
215 1488 258 1545 la
273 1490 408 1547 maiorum
423 1507 489 1545 sane
504 1504 621 1563 operum
636 1489 842 1543 exsecutionem
858 1490 916 1544 vir·

104 1574 166 1621 tute
179 1582 251 1638 opus
260 1575 315 1635 est3
343 1565 423 1622 nobis
435 1573 526 1620 autem
538 1564 573 1620 ad
584 1573 705 1621 actorum
716 1565 916 1638 stupendorum

104 1641 309 1697 enarrationem
332 1642 484 1713 sapientiae
507 1641 603 1712 inopia
627 1648 679 1696 est.
717 1641 819 1696 Verum
839 1641 915 1697 enim

103 1733 173 1772 vero
191 1711 327 1788 Sampson
347 1717 422 1771 vires
442 1716 563 1787 sumpsit
582 1713 617 1770 ad
636 1716 812 1771 monstranda
831 1733 915 1789 opera

103 1786 221 1880 magna,
248 1792 283 1846 ab
294 1809 325 1848 eo
335 1792 443 1863 itaque,
459 1791 509 1862 qui
523 1791 638 1863 largitus
649 1797 690 1845 est
700 1791 755 1864 ipsi
770 1792 911 1856 virtutem,

103 1876 229 1940 petimus
249 1875 277 1922 et
295 1885 344 1922 nos
365 1866 546 1939 sapientiam,
572 1873 604 1920 ut
622 1881 694 1937 quae
712 1867 763 1938 per
781 1870 913 1922 virtutem

104 1943 242 2015 Sampson
256 1942 440 2019 perpetravit,
461 1942 600 2014 sapienter
620 1940 793 1997 auditoribus
812 1959 914 2015 propo-

102 2033 172 2073 nere
183 2017 335 2072 valeamus.
374 2015 510 2084 Quoniam
520 2018 545 2070 si
556 2016 713 2090 ignoranter
723 2016 868 2088 obiterque
879 2015 914 2070 ad

102 2109 189 2165 opera
210 2091 292 2147 fidem
311 2093 444 2147 merentia
459 2090 622 2164 exponenda
637 2092 787 2146 accessisse
802 2108 915 2163 compe-

103 2168 212 2222 riamur
220 2167 249 2222 in
260 2168 399 2239 praesenti
412 2163 553 2230 sermone,
575 2167 626 2221 vix
640 2165 801 2238 Sampsonis
816 2165 913 2222 virtuti

102 2241 570 2306 iniuriamlecisseoonvinoamur,
591 2241 642 2296 sed
651 2243 769 2316 gratiam
779 2240 825 2295 dei
836 2240 913 2294 calu·
1009 2316 1010 2327 χ

103 2317 225 2390 miriatos
239 2334 310 2375 esse.
380 2374 384 2380 ,

162 2445 189 2495 3.
201 2441 232 2496 ln
242 2440 305 2498 aliis
316 2441 410 2512 itaque
421 2441 499 2495 miris
510 2439 643 2513 operibus
653 2441 723 2496 deus
733 2455 821 2494 unum
831 2436 913 2508 quio·

102 2531 189 2592 quam
200 2511 406 2570 'mirabiliorum
417 2531 530 2570 suorum
540 2523 682 2587 operatur:
709 2520 769 2575 aut,
786 2513 909 2582 inquam,
1006 2536 1007 2587 ,

102 2589 238 2646 virtutem
251 2589 385 2654 ostendit,
410 2597 456 2645 aut
470 2591 671 2662 benignitatem
685 2587 840 2659 praedicat,
865 2593 913 2640 aut
1005 2588 1006 2617 ³

100 2673 267 2740 potestatem
283 2665 454 2731 manifestat,
476 2674 523 2720 aut
543 2664 780 2737 longanimitatem
800 2659 909 2728 edocet,
1004 2675 1005 2692 ³

101 2739 148 2794 vel
161 2749 270 2796 servata
282 2741 363 2796 iustis
374 2739 446 2795 bona
460 2739 577 2795 fruenda
592 2738 689 2800 refert,
711 2737 756 2791 vel
771 2742 912 2789 servatum

100 2813 297 2888 peccatoribus
316 2815 454 2872 iudicium
472 2813 610 2887 praedicit
658 2810 737 2876 Quod
757 2819 848 2863 antem
861 2823 913 2880 per
939 2817 948 2832 ·
