2050 3100
184 215 233 270 ddi
314 221 412 267 PHIL.
431 219 506 266 IUD·
524 218 685 275 QUAEST.
703 219 753 263 ET
773 219 854 265 SOL.
880 215 986 281 [Inita]
1009 278 1010 285 ¹

182 340 248 395 prae
263 322 392 377 omnibus
409 321 505 394 regina
519 320 666 383 virtutum,
692 321 791 390 pietas.
821 322 910 377 ‘Mors
925 340 986 377 vero

184 399 291 453 animae
305 406 347 453 est
360 396 529 451 dissonantia
544 395 579 448 ad
591 395 755 466 probitatem
766 404 850 466 atque
862 396 985 452 deiectus
1009 442 1010 465 ἶ

183 474 351 529 harmoniae.
390 471 479 538 Quare
491 471 543 525 rite
552 469 657 524 dictum
667 478 722 524 est:
743 471 826 525 Nemo
834 478 946 528 recessit
955 475 984 545 (s.
1009 490 1010 549 1

182 553 249 604 nibil
257 547 436 620 discrepavit),
455 555 596 617 tamquam
609 543 769 616 inperfecta
784 545 986 602 ehoreaomni-
1009 562 1010 597 l

183 623 279 679 modae
289 622 424 686 musicae,
439 639 494 677 una
504 638 568 676 oum
578 629 739 675 cunctorum
748 621 983 693 symphonia,ita
1009 604 1010 693 1

182 708 213 753 ut
222 698 379 753 harmonico
390 705 523 752 concentu
531 695 649 750 canendi
659 713 702 750 ars
712 695 876 766 perficiatur
885 700 916 752 in
930 716 984 752 mo
1009 718 1010 757 i

182 772 323 827 dulatione
338 789 369 826 ao
383 773 480 844 peritis
495 771 606 844 digitis,
631 787 685 826 non
705 770 773 826 adeo
789 788 876 837 voce,
904 791 981 845 quarn
1009 762 1010 807 l

183 855 273 902 mente
283 846 314 901 id
322 847 465 902 ostendere
475 863 585 919 operam
600 846 706 900 dantes.
1009 872 1010 875 =

222 1020 288 1080 Quid
303 1031 337 1072 est
354 991 547 1088 „Apparuerunt
564 1022 608 1072 deo
625 1023 650 1071 in
667 1039 695 1071 eo
713 1022 776 1085 beo,
804 1032 828 1071 et
845 1023 946 1074 manda-

379 1101 490 1141 caverunt
507 1101 531 1141 et
549 1091 694 1140 biberuat“i
724 1091 784 1155 (ib.)
1009 1128 1010 1197 1

238 1214 281 1267 39.
301 1211 409 1267 Faaiem
424 1210 588 1282 attingentes
600 1210 688 1281 patris
703 1225 843 1280 nusquam
857 1208 942 1281 plane
953 1210 978 1262 in

182 1287 290 1343 mortali
305 1287 364 1342 loco
377 1293 499 1359 perstant
509 1285 608 1339 -hoo
618 1286 693 1340 enim
703 1293 789 1339 totum
800 1294 843 1341 est
853 1301 978 1341 mancum

182 1371 209 1418 et
227 1361 339 1418 foedum
353 1393 402 1426 —‚
433 1358 482 1414 sed
504 1361 643 1415 mittentes
665 1359 834 1433 reducunt*)
851 1360 978 1415 transmi-

181 1439 334 1511 grationem
349 1437 384 1492 ad
399 1443 525 1490 sanctum
540 1435 722 1506 divinumque
737 1435 842 1499 locum,
864 1437 917 1507 qui
931 1435 977 1489 alio

181 1513 292 1568 nomina
302 1520 414 1569 vocatur
426 1511 555 1569 Verbum.
579 1511 610 1566 In
619 1527 675 1582 quo
685 1510 850 1565 exsistentes
860 1527 912 1583 per
925 1511 977 1566 dis·
1009 1508 1010 1513 ’

181 1597 367 1657 pensatorem‚
392 1588 575 1659 principalem
592 1587 702 1651 vident,
732 1594 826 1640 sancte
854 1596 976 1641 constan·

180 1669 277 1733 terque
285 1663 437 1718 invisentes
451 1662 535 1733 doum
549 1662 636 1716 acutis
649 1661 806 1716 intellectus
819 1663 922 1716 oculis.
943 1657 974 1735 [Ἴ

181 1736 255 1790 Talis
266 1745 357 1791 autem
367 1738 526 1807 apparentia
536 1738 667 1806 cibusest
676 1738 793 1801 animae,
805 1743 832 1791 et
841 1754 908 1792 vera
918 1755 976 1809 par·

180 1811 305 1882 tioipatio
314 1812 386 1866 vitae
396 1827 479 1865 causa
490 1821 531 1868 est
541 1812 765 1867 immortalitatis.
798 1810 889 1878 Quare
900 1814 974 1868 etiam

181 1885 296 1940 dicitur:
335 1886 501 1941 Comederont
524 1907 558 1943 oo
579 1891 710 1953 biberunt,⁴
738 1887 881 1957 siquidem
900 1888 975 1943 valde
1009 1885 1010 1936 ξ

180 1961 292 2014 omnino
306 1961 459 2016 esurientes
475 1970 502 2017 et
519 1963 658 2026 sitientes,
685 1961 830 2017 manifesto
845 1979 974 2036 apparen-

181 2045 236 2091 tem
252 2034 335 2092 deum
354 2036 450 2091 videre
468 2055 523 2093 non
543 2037 654 2093 fuerunt
671 2037 820 2109 prohibiti,
844 2039 896 2093 sed
909 2040 974 2092 sicut

181 2110 315 2176 famelici,
337 2111 521 2168 abundantem
535 2113 708 2169 invenientes
718 2111 826 2178 cibum,
849 2128 972 2187 magnum

182 2186 349 2243 desiderium
361 2188 522 2260 implevere.

268 2337 332 2397 Quid
348 2349 382 2388 ast
398 2339 531 2405 „Ascende
548 2340 583 2389 od
597 2356 633 2389 me
649 2340 675 2389 in
690 2350 788 2389 montem
807 2348 830 2389 et
847 2350 896 2390 eata

472 2408 507 2457 iti
515 2411 549 2456 “t
566 2409 618 2472 (24,
633 2410 686 2468 12.)
1009 2427 1010 2438 κ

236 2511 278 2563 ll).
298 2507 425 2563 Animam
439 2516 561 2563 sanctam
575 2508 697 2563 deificari
713 2517 822 2565 notatur
835 2512 970 2581 parisiam

183 2582 383 2646 ascensionem,
404 2599 458 2637 non
469 2584 499 2636 in
510 2585 596 2637 aerem
608 2584 653 2639 val
664 2584 775 2639 aethera
785 2585 831 2640 vel
841 2586 871 2639 in
881 2601 970 2657 supre-

230 2717 252 2761 *t
274 2717 308 2755 sio
321 2719 367 2757 cod.
382 2718 409 2766 0,
423 2721 460 2759 ubl
473 2721 537 2760 laotto
551 2723 598 2762 cod.
611 2723 630 2761 B
643 2725 725 2763 ineerta
737 2726 823 2765 videtur
835 2726 935 2765 aocsdsrs
945 2724 968 2763 sd

181 2762 311 2805 Glossarium
323 2767 447 2809 habentem
457 2772 586 2819 perveniunt.
612 2773 723 2815 Auchar.
