2050 3100
67 143 160 212 [1,1t.]
206 152 256 197 ns
275 120 548 201 rnovinnuria
567 154 695 200 sunno
714 156 733 199 1.
836 149 868 202 25

67 260 124 307 tem
139 269 172 306 ac
184 249 438 325 principem—totius
452 253 552 308 mundi
563 254 669 310 nullam
680 256 745 326 prae
757 272 787 309 se
799 253 869 310 ferre

64 327 282 458 providentiam.
301 369 303 372 ι
320 330 424 404 Ecquis
439 331 555 391 consilia
564 329 709 402 prudentis
719 330 870 402 providen-

78 405 121 458 iae
132 401 210 474 dedit
219 405 260 468 ei,
275 405 325 475 qui
334 405 465 459 virtutem
476 404 632 465 desiderat?
647 405 680 460 Si
691 422 745 460 non
756 414 797 459 est
805 423 870 477 pro-

65 477 201 542 videntie,
212 495 263 534 cur
273 495 327 534 non
336 488 363 535 et
373 496 422 535 nos
432 481 539 552 absque
548 481 680 554 diligenti
690 497 764 544 cura,
772 481 870 536 incon-

66 553 140 609 sulto
151 562 178 609 et
187 554 248 609 sine
258 556 370 626 praevia
381 557 491 611 notione
499 573 646 628 operamur
654 554 765 612 omnia?
814 579 817 585 ²

123 665 167 720 32.
187 662 297 718 Etenim
312 665 336 718 si
350 663 524 735 providentia
538 664 659 720 tollenda
677 667 726 730 sit,
751 665 871 720 cessabit

66 738 188 802 musice,
209 738 398 810 philosophia,
424 741 589 812 geometria,
615 743 724 796 nautica
739 749 766 795 et
779 741 870 811 omnis

66 813 179 886 sapiens
193 813 393 886 intelligentiae
407 815 580 880 adinventio,
602 833 632 870 ac
646 824 742 871 natura
752 816 871 883 totaliter

67 889 207 943 insensata
221 889 303 960 atque
318 890 470 944 immobilis
481 889 590 945 evadet.
607 889 610 897 '
630 891 725 961 Neque
737 891 811 945 enim
821 891 871 945 de-

66 971 111 1018 cet
125 964 268 1035 insipienti
283 967 447 1037 cogitatione
465 974 558 1036 partes
577 966 702 1019 universi
720 965 871 1036 prudentes

67 1055 129 1093 esse
139 1038 309 1111 acprovidas
320 1041 487 1104 existimare,
504 1057 564 1094 eam
576 1056 649 1103 vero,
663 1057 733 1110 quae
746 1040 780 1094 ab
791 1041 871 1094 initio

66 1114 141 1185 inest
149 1115 302 1179 universis,
322 1114 526 1187 providentiam
536 1116 607 1169 inter
618 1116 690 1169 entia
702 1122 791 1168 creata
800 1116 872 1168 otio·
925 1144 929 1155 ι

65 1205 126 1243 sam
137 1196 218 1260 etque
228 1191 397 1251 incuriosam
407 1207 482 1254 esse,
503 1206 591 1260 quum
606 1206 641 1243 ex
650 1206 705 1243 una
718 1189 872 1243 universali

65 1263 209 1318 harmonia
220 1282 252 1320 ac
260 1260 459 1339 compositione
468 1266 526 1329 siut
535 1265 637 1319 omnia.
677 1263 752 1329 Quae
766 1265 840 1317 enim
856 1281 871 1317 a

65 1356 97 1394 se
107 1340 229 1411 invicem
238 1341 384 1414 pendent,
395 1356 450 1396 non
464 1343 527 1396 sine
533 1340 682 1411 utriusque
694 1347 769 1392 motu
780 1346 871 1392 actum

65 1416 228 1488 sortiumur.
268 1417 691 1489 ltaque-partessapientesper
706 1411 872 1485 aotaperfe-

66 1498 119 1555 eta,
128 1489 207 1563 'qtae
217 1493 388 1551 oriunturex
398 1493 523 1565 ipsarum
531 1490 707 1565 symphonia,
723 1505 872 1563 argumen-

64 1575 126 1621 tum
140 1567 273 1638 praebent
288 1577 314 1623 et
329 1568 541 1630 declarationem
559 1568 705 1622 universae
721 1566 872 1637 providen-

64 1642 313 1700 tiaejinvisibiliter
322 1645 414 1708 omnia
424 1644 573 1699 moventia.

123 1754 166 1807 33.
174 1816 176 1818 ‚
185 1750 281 1807 Nonn'e
297 1753 461 1824 sapientiam
470 1752 595 1808 ostendet
606 1750 745 1807 fructuum
758 1746 794 1827 [Ἴ
806 1768 871 1823 pro·

65 1826 174 1891 ductio,
204 1829 347 1883 stellarum
365 1829 435 1883 mira
458 1828 620 1900 dispositio,
649 1827 716 1882 solis
737 1845 768 1881 ac
787 1828 869 1881 lunae

64 1902 241 1957 invariabilis
261 1920 368 1967 cursus,
398 1905 483 1958 maris
501 1905 572 1969 situs
591 1903 745 1958 secundum
768 1902 868 1974 legem,

63 1978 201 2032 montium
211 1978 346 2034 celsitudo
359 1976 434 2033 haud
449 1979 563 2033 modum
577 1978 728 2043 excedens,
748 1976 883 2049 denique‘

62 2053 189 2107 omnium
204 2055 381 2108 sensibilium
396 2054 451 2126 legi
468 2053 659 2125 providentiae
678 2052 870 2123 obtemperan-

62 2129 137 2183 tium
146 2127 310 2184 concordia?
328 2130 425 2186 Nonne
438 2128 507 2184 baec
522 2129 667 2186 manifeste
682 2128 870 2183 demonstrant

63 2202 269 2269 immutabilem
283 2205 510 2275 prorsusseriem
525 2204 631 2259 ordinis
646 2220 681 2258 ex
698 2203 759 2273 lege
774 2201 869 2272 provi-

63 2278 177 2333 dentiae
193 2296 225 2334 ac
243 2280 331 2336 instar
348 2280 456 2335 animae
473 2278 683 2337 universitatem
699 2293 792 2331 rerum
809 2293 869 2330 mo-

61 2352 175 2409 ventis?

121 2465 164 2517 3l.
184 2462 360 2533 Providentia
374 2464 448 2519 enim
458 2472 513 2528 est,
534 2478 605 2535 quae
615 2456 776 2514 obedientes
786 2457 865 2529 regit,

62 2552 148 2609 cuper
159 2546 250 2592 autem
260 2538 451 2594 inobedientes
465 2536 606 2593 constituit
615 2532 723 2588 iudices
733 2532 868 2586 distribu-

62 2622 105 2668 tos
118 2621 146 2668 et
157 2613 327 2687 exterminat
339 2613 484 2683 hominum
499 2609 713 2677 contumaciam,
733 2614 764 2660 ut
779 2607 867 2660 virtus

62 2684 312 2760 perobedientiam
320 2686 561 2746 decoreturadeo.
579 2680 867 2740 Demedioenimtol-
