2050 3100
53 191 171 257 [mein]
240 199 280 243 IN
302 199 477 245 GENESIN.
493 203 621 248 SERMO
640 206 682 250 tv.
814 203 862 254 {33

54 297 126 353 iacto
136 299 238 371 angelo
248 298 308 363 dei,
329 316 403 353 nunc
413 302 492 371 quasi
504 302 636 359 dubitans
647 307 697 360 ait:
717 306 863 363 sinautem

55 378 169 427 rrotnerr't
178 377 275 428 mulier
285 379 373 428 venire
383 384 476 441 tecum,
498 383 621 434 immunia
632 385 685 436 eris
698 383 862 438 iuramento?

8 510 9 519 ἵ
56 448 95 501 Ne
110 446 181 502 forte
197 447 251 503 hoc
265 465 376 520 quoque
391 451 543 507 naturalem
556 455 667 509 omnino
678 455 775 511 subeat
785 458 862 513 solu·

56 523 158 576 tionem
170 522 225 577 sub
236 524 329 594 specie
340 523 495 597 allegoriae.
537 530 578 582 Tu
589 546 654 601 ergo
664 539 769 585 tantum
781 532 862 587 dixe-

56 596 140 668 ris*):
166 596 196 651 Si
212 614 278 670 ergo
293 615 347 653 non
364 598 436 653 adsit
449 602 565 673 angelus
578 602 637 667 dei,
660 605 771 660 videtur
780 609 861 677 equi-

57 670 133 735 dem,
149 670 227 743 qnod
240 672 360 727 noluerit
370 676 449 745 sequi
460 677 570 731 mulier.
610 677 700 744 Quare
709 680 861 754 obsignan-

57 745 92 800 do
102 754 186 818 atque
197 747 342 803 statuendo
353 748 434 803 dicit:
450 750 545 805 Sinon
556 754 663 808 venerit
672 762 777 820 tecum,
790 766 861 810 tanr-

57 838 139 893 quam
161 837 226 876 cum
244 822 332 887 socio,
364 823 432 877 velit
451 824 542 880 forsan
559 829 655 882 venire
673 832 747 884 sieut
763 833 860 886 volens

56 898 136 968 sequi
147 896 267 951 verbum
277 897 418 961 divinum,
440 900 535 965 itaut,
558 904 609 957 etei
623 903 715 958 minus
725 909 860 961 assentia-

56 982 99 1027 tur
113 971 183 1027 huic
199 971 367 1027 adolescenti
381 971 414 1043 (s.
431 973 552 1048 honori),
578 981 729 1033 consentiat
743 982 783 1044 ei,
809 984 859 1053 qui

56 1046 169 1101 instruit
184 1054 212 1101 et
226 1046 304 1102 ducit
317 1048 454 1118 perviam
469 1052 651 1122 propositam,
678 1070 713 1107 ne
727 1055 859 1126 imperie-

56 1130 130 1175 etum
145 1129 256 1177 maneat
269 1120 340 1193 opus
354 1139 496 1195 magnum.
540 1125 618 1197 Opus
631 1135 723 1181 autem
738 1137 779 1183 est
798 1131 859 1184 ani·

55 1212 115 1251 mae
129 1196 261 1252 divinum
279 1207 306 1252 et
323 1207 526 1254 sacrosanctum
546 1201 765 1265 matrimonium,
787 1204 860 1258 siout

54 1272 199 1327 harmonia
210 1272 321 1327 consilii
330 1289 381 1343 per
390 1290 419 1327 se
430 1274 534 1338 edocti,
555 1285 587 1330 ut
599 1286 758 1346 permaneat
770 1278 799 1330 in
809 1277 859 1332 illo

54 1349 214 1418 perenniter
232 1354 370 1401 constans.
414 1346 585 1421 Quapropter
603 1351 787 1406 immutabilis
806 1354 859 1407 erit

54 1423 115 1487 iile,
137 1422 188 1494 qui
205 1438 240 1477 ex
254 1430 351 1477 natura
364 1422 425 1478 sine
435 1423 558 1479 doctrina
571 1426 683 1499 sapiens
693 1427 855 1498 reperiatur.

58 1591 138 1650 Quare
151 1609 215 1657 pater
232 1594 268 1656 (e.
286 1593 381 1656 eecce)
398 1593 467 1643 remit
489 1595 568 1645 decem
589 1595 690 1646 camelos
711 1596 740 1646 de
762 1599 857 1648 camelis

86 1660 177 1710 domim
194 1660 233 1710 eut
251 1669 273 1709 et
291 1659 320 1708 de
338 1661 443 1710 omnibus
456 1663 523 1712 boum
536 1664 585 1713 εἰπε
597 1669 690 1713 remam?
702 1666 755 1727 (24,
768 1667 821 1729 lo.)

107 1785 152 1838 92.
171 1781 259 1835 Decae
269 1795 402 1834 numerus
413 1788 454 1834 est
463 1779 619 1850 perfectior,
632 1782 754 1838 camelus
764 1794 855 1839 autem

53 1855 212 1930 symbolum
224 1855 387 1919 memoriae,
409 1855 540 1926 quoniam
554 1857 674 1912 ruminat
686 1858 780 1913 cibum
793 1877 856 1913 rnr-

53 1948 114 1985 sum
125 1929 264 1985 remolene
274 1937 357 2000 atquo
369 1925 405 2004 [Ἴ
417 1929 592 1984 remandans.
632 1933 706 1987 Talis
719 1943 761 1988 est
773 1943 800 1988 et
815 1934 856 1988 ai-

54 2005 141 2061 iectus
150 2005 320 2060 anteriorum
330 2021 446 2071 memor3
469 2021 534 2058 nam
544 2022 734 2079 quaecumque
746 2009 855 2064 intelle-

53 2090 112 2135 ctus
131 2078 287 2135 secundum
306 2077 536 2133 considerationis
558 2083 706 2137 consilium
726 2085 852 2156 accipiat,

53 2156 87 2209 iis
98 2162 225 2210 movetur
236 2161 416 2226 vagaturque‚
429 2153 517 2209 donec
527 2155 668 2211 ordinetur
678 2166 704 2212 et
715 2159 743 2211 in
754 2160 853 2212 seriem

53 2229 194 2284 redactum
204 2227 361 2284 stabiliatur
372 2227 488 2294 iactum,
508 2229 617 2284 dnobus
627 2232 730 2286 iunctis
740 2233 854 2288 cohabi-

53 2305 183 2376 tatisque.
222 2303 370 2358 Memoriae
394 2319 459 2358 vero
481 2305 614 2376 sapientis
637 2305 769 2377 pulchrae
789 2317 854 2362 sunt

55 2388 78 2433 et
97 2378 132 2434 de
150 2379 293 2451 pulchris;
327 2378 506 2449 quamobrem
530 2397 583 2434 non
601 2397 635 2434 ex
658 2383 783 2452 partibus
803 2383 853 2436 bo-

54 2469 162 2518 norum,
184 2453 235 2508 sed
250 2469 287 2508 ex
300 2451 429 2508 omnibus
444 2454 547 2509 dicitur
560 2455 712 2526 accepisse:
734 2473 853 2526 namque

55 2531 108 2584 vita
117 2527 253 2602 sapientis
263 2528 354 2584 omnis
364 2527 475 2584 omnino
485 2529 567 2600 plena
578 2528 764 2590 estieiioitate‚
777 2529 853 2582 nulla

55 2699 129 2790 Aac}
137 2710 155 2740 t.
169 2704 194 2740 nt
201 2700 272 2742 (tlon.
287 2702 388 2751 explicat:
405 2703 433 2742 Pu
446 2703 475 2743 eut
486 2712 558 2743 rerem
568 2701 725 2781 enodationem
733 2697 783 2736 itate
792 2700 852 2737 adde.
