2050 3100
30 138 68 203 [1,
82 134 153 199 aaa]
221 158 225 163 -
250 140 319 184 mn.
337 138 387 184 nc
409 138 650 186 nmuanmus.
798 135 842 189 tet

99 260 150 311 et.
179 254 258 322 Quod
273 263 363 309 antem
375 254 522 327 prudentia
535 256 648 327 provida
659 258 726 314 insit
734 276 787 313 non
797 260 846 315 uni

34 332 190 402 alterique
196 329 365 394 animalium,
377 329 426 384 sod
436 332 552 393 cunctis,
562 333 685 395 omnium
694 348 788 387 eorum
797 350 846 406 ge-

35 408 124 462 neris
145 414 258 476 tempus
277 413 422 469 statutum,
446 405 565 459 maxime
578 421 628 476 pro
641 408 844 480 propagatione,

35 479 201 536 manifesto
215 489 374 552 argumento
388 486 439 533 est.
477 480 568 534 Unum
582 482 655 535 enirn
669 482 783 537 istorum
798 499 847 538 ex·

40 556 142 611 celsos
152 563 259 609 montes
269 555 350 625 petit,
362 553 476 608 alterum
485 553 653 625 protundum
662 556 789 629 Scythiae
799 558 848 611 Li·

37 632 181 703 byaeque
191 628 329 684 desertum
339 628 444 691 lustrat,
456 629 567 682 tertium
577 630 606 683 in
616 631 774 687 nemoribus
781 648 847 687 con·-

40 705 149 760 densis
163 704 324 758 immersum
339 701 455 757 latebras
468 702 531 756 sibi·
544 706 670 773 assumit3
706 706 847 777 multaque

40 784 77 835 in
94 788 170 834 terra
180 778 330 834 ¹inveniens
342 775 448 849 ripas*)
461 776 601 841 obsidere,
625 794 711 849 quum
729 781 764 835 oh
782 798 847 852 prc-

42 854 221 910 creationem
243 852 299 907 huc
322 850 522 906 conducuntur.
569 852 640 906 llaec
658 871 723 909 sane
742 856 846 909 indicia

44 937 118 984 sunt
136 928 288 1000 sapientiae
306 925 486 982 redundantis
504 940 537 979 ac
555 941 609 980 una
625 943 687 981 cnm
700 930 845 999 prudentia

44 1001 200 1077 providam
215 1001 388 1075 diligentiam
400 1001 430 1055 in
443 1000 598 1072 generando
612 1002 788 1057 ostendentis.

109 1190 154 1243 35.
164 1188 266 1244 Verum
275 1186 422 1241 mirificum
431 1184 570 1255 quoddam
583 1195 728 1257 operantur
737 1188 845 1259 palum-

48 1267 119 1327 bes,
136 1280 167 1317 ac
177 1262 295 1335 perlecta
306 1262 409 1316 ratione
419 1260 545 1333 dignum.
568 1258 605 1335 [*]
625 1262 693 1316 Nam
703 1263 733 1315 in
747 1264 845 1333 primis

50 1356 109 1395 non
123 1337 179 1402 ibi,
199 1337 249 1392 ubi
263 1344 425 1400 nascuntur,
446 1343 608 1407 pascuntur,
630 1334 679 1391 sed
690 1337 720 1390 in
730 1337 845 1392 alterum

52 1417 147 1471 locum
165 1428 195 1466 se
213 1411 392 1474 transierunt,
416 1428 451 1464 ne
468 1412 623 1482 capiantur,
659 1410 753 1483 plures
772 1413 846 1467 enim

52 1498 134 1552 sunt,
145 1488 195 1558 qui
205 1487 407 1550 machinantur,
418 1493 449 1540 ut
458 1486 600 1541 inveniant
610 1500 703 1541 earum
713 1485 844 1543 latebras:

52 1568 149 1634 itaque
158 1562 235 1618 illinc
245 1562 280 1618 ob
295 1561 429 1616 cautelam
442 1561 588 1634 effugiunt,
611 1577 646 1616 ne
659 1571 845 1632 persecutores

53 1638 198 1696 inveniant
211 1654 250 1692 se.
288 1634 393 1691 Deinde
406 1652 469 1691 vero
484 1653 571 1708 quum
581 1637 703 1692 sentiunt
712 1639 846 1710 quosdam

53 1721 185 1771 venatum
201 1713 303 1767 exiisse
322 1710 475 1783 pullorum,
495 1712 579 1765 nimis
595 1711 738 1768 artificiosa
752 1729 845 1787 pugna

55 1787 189 1844 accedunt
198 1788 227 1842 in
238 1801 427 1859 congressum,
449 1787 654 1857 supervolantes
669 1796 695 1843 et
709 1787 845 1863 fugientes

56 1874 83 1919 et
98 1864 196 1917 iterum
211 1862 282 1916 lente
300 1875 434 1932 suspenso
452 1861 539 1933 gradu
558 1861 732 1934 obrepentes3
764 1873 845 1936 atque

58 1937 141 2011 paulo
153 1937 261 2008 longius
275 1936 381 2000 volant,
402 1944 447 1999 ut,
467 1934 534 1990 dum
548 1937 672 1992 studium
686 1947 845 1994 venatorum

57 2012 166 2075 vident,
186 2012 260 2082 ipsos
273 2010 404 2074 liberent,
425 2011 513 2081 spatio
529 2013 658 2083 temporis
677 2014 764 2083 pullis
783 2013 844 2069 dato

58 2105 108 2159 pro
125 2086 322 2158 opportunitate
341 2084 423 2157 fugae
442 2086 636 2157 capessendae:
670 2101 739 2156 quos
758 2103 844 2158 quum

58 2163 177 2217 sentiunt
194 2161 274 2233 longe
291 2160 427 2224 evolasse,
448 2169 636 2231 exspectantes
651 2161 741 2216 adhuc
755 2163 845 2216 modi-

59 2254 122 2292 cum
131 2236 244 2308 vestigia
254 2243 426 2300 venatorum,
448 2233 559 2289 demum
568 2234 672 2288 delusis
682 2235 723 2288 eis
735 2237 789 2307 ipsi
800 2238 845 2291 ad-

60 2329 117 2367 rem
129 2318 222 2382 petunt
237 2309 413 2374 excellenter,
433 2310 471 2364 ita
484 2317 515 2364 ut
527 2309 574 2362 isti
591 2316 701 2378 stupore
719 2318 841 2381 agantur,

61 2387 162 2442 derisos
169 2402 199 2440 se
208 2384 392 2457 deceptosque
400 2393 550 2447 cernentes,
562 2389 589 2438 et
598 2382 802 2449 exacerbentur,
814 2395 844 2441 ut

60 2480 109 2533 par
117 2467 165 2516 est.

112 2634 133 2681 ¹)
147 2634 179 2672 Ad
190 2634 289 2674 verbnm:
310 2633 366 2672 nnuc
380 2642 399 2670 n.
412 2631 434 2669 tn
446 2631 497 2670 ricta
510 2630 639 2679 nominum,-
661 2641 702 2680 quo
715 2633 737 2672 et
749 2635 843 2680 traam

64 2685 243 2736 potertdeugnert
256 2694 275 2725 a.
288 2684 439 2724 mairem.
464 2680 544 2722 Anch.

604 2731 640 2784 la
