2050 3100
145 129 195 182 228
262 132 361 178 PHIL.
381 131 454 176 lUD.
474 130 636 188 QUAEST.
655 129 705 174 ET
729 129 807 174 SOL.
829 123 945 190 [11,3tt.]

147 265 184 330 [⁴]
198 263 278 321 Quare
288 263 438 325 aedificando
447 262 495 312 illic
506 263 629 324 altarium,
645 277 692 309 non
701 260 784 311 obtulit
791 262 943 324 aamfiaimn,

212 331 380 462 {gig’inqvggato
397 330 488 383 nomine
507 329 595 378 domim
603 329 663 390 fixit
676 327 852 378 tabernaculum
865 335 947 379 ruant

202 494 225 538 6.
255 486 384 536 Sacrificio
396 501 456 550 prae
471 486 587 536 omnibus
601 486 674 535 bonie
692 486 746 535 eine
765 487 903 549 sanguine,
921 496 947 536 et

106 570 107 575 ¹
145 557 246 606 victima
260 555 406 604 animalium
418 568 556 618 prunorum
568 553 727 616 participatio
736 553 875 616 capientiae
885 553 945 602 clie-

145 638 233 672 uarum
248 635 303 671 esse
318 623 434 682 credunt,
454 621 497 684 qui
510 635 574 684 puro
585 627 687 683 pectore
701 620 801 682 placere
813 621 861 668 deo
880 621 945 669 desi·
1009 642 1010 645 ¹

146 691 246 749 derant,
269 689 339 738 cuiue
353 689 434 752 gratia
447 687 563 737 sufficere
576 687 655 736 credit
668 687 834 736 invocationis
847 689 945 736 autoris

145 759 274 816 virtutem,
294 771 344 818 qua
355 757 472 819 princepe
482 763 558 817 atque
568 754 710 803 dominator
720 759 758 803 eet
766 754 944 814 universitatis,

145 825 237 873 nullius
248 837 333 886 egeus.
368 823 407 872 Ita
416 823 467 872 illic
477 823 553 884 figere
563 821 654 870 dicitur
663 821 853 870 tabernaculum
861 835 944 881 auum,

146 906 217 940 suam
226 905 317 953 nempe
326 891 454 949 virtutem,
472 890 499 938 iu
509 888 662 952 quapun'tas
670 889 716 937 illa
724 888 823 937 animae
831 887 946 937 inhabita
1009 906 1010 909 ¹

145 965 314 1008 commoratur
328 961 415 1021 (mara.
428 956 569 1018 inhabitare
583 954 819 1015 commemoratur),
841 954 945 1004 firmiter
1009 1002 1010 1025 3

146 1027 242 1086 sciens,
262 1026 391 1075 dominum
404 1025 578 1073 universorum
590 1023 730 1085 principem
745 1023 800 1072 aine
817 1021 871 1070 ulla
890 1037 944 1072 esee
1009 1064 1010 1079 2

144 1094 259 1157 penurie.
295 1089 391 1155 Opnra
404 1092 549 1152 credulitas,
568 1104 633 1154 quae
647 1089 946 1154 fectaspridemirugum
1009 1112 1010 1121 ,

146 1160 415 1210 centesimasexcellit.
1009 1160 1010 1195 l

149 1292 230 1350 Quare
253 1303 310 1356 poet
336 1301 446 1356 quartam
470 1292 540 1356 putei
559 1293 683 1356 foramem
709 1307 726 1339 o
749 1291 833 1354 puertia
846 1291 945 1355 factata
1009 1328 1010 1343 t

213 1359 269 1408 eaiit
291 1359 426 1409 abimelech
449 1359 566 1421 acl-oum,
595 1368 618 1407 et
641 1357 708 1407 Aello
733 1359 828 1422 (marg.
845 1357 945 1422 Atera)
1009 1420 1010 1423 Ἴ

214 1425 314 1474 thalami
336 1426 498 1490 praeponitur,
527 1435 550 1474 et
577 1424 670 1476 Plato
693 1425 805 1489 prinecps
831 1425 947 1476 militiae?
1009 1440 1010 1453 ¹

214 1494 267 1556 (26,
287 1495 341 1554 26.)

201 1579 224 1625 7.
243 1574 366 1624 Videntur
374 1576 435 1624 mihi
445 1577 617 1638 exploratores
625 1578 722 1639 potius,
743 1592 818 1639 quam
831 1592 879 1641 pro
892 1578 946 1627 foe-

146 1645 204 1692 dere
219 1643 385 1691 amicitiarum
399 1644 543 1703 advenisse,
561 1644 590 1691 in
603 1651 711 1706 utroque
723 1645 804 1707 parati
823 1645 854 1694 ad
872 1659 946 1707 prae·

144 1712 218 1769 lium,
240 1710 260 1757 si
279 1709 404 1758 infirmum
418 1710 537 1759 viderint:
564 1712 597 1759 ad
610 1724 713 1773 pacem,
732 1712 753 1759 ei
766 1712 944 1774 potentiorem.

146 1776 229 1825 Sensu
246 1782 331 1824 tamen
343 1777 466 1825 subtiliori
480 1777 628 1840 intelligitur
642 1785 758 1840 quartur,
778 1785 806 1826 ut
819 1780 947 1827 tamenin

144 1843 254 1891 numeris
274 1843 380 1905 insignio
399 1851 450 1905 eet,
469 1844 496 1892 in
515 1846 736 1907 quo-conetitntue
755 1846 883 1893 studiosus
901 1860 948 1908 per

145 1923 246 1957 amnem
263 1908 409 1959 felicitatem
427 1912 579 1975 provehitur.
627 1911 747 1974 Sequitur
765 1919 850 1961 tamen
868 1913 947 1961 etiam

144 1976 216 2024 valde
230 1976 342 2038 perfecto
357 1980 482 2027 contraria
494 1980 572 2029 virtue
585 1980 749 2043 praestolanti
763 1987 789 2028 et
802 1979 947 2029 observanti
1009 2009 1010 2044 5

145 2044 178 2091 ad
191 2044 375 2093 incurrendum.
411 2046 445 2095 Et
459 2053 496 2094 est
508 2046 582 2095 huius
591 2047 711 2096 fortitudo
721 2053 770 2095 tres
779 2047 881 2096 animae
890 2062 947 2111 par·

145 2118 196 2159 tes:
225 2112 315 2160 mentis
330 2122 436 2161 acumen
450 2114 611 2174 rationabile,
629 2122 656 2163 et
666 2114 828 2174 animositas,
846 2115 947 2164 etdesi·

146 2178 249 2226 derium.
285 2179 335 2227 Pro
350 2180 465 2228 acumine
481 2180 583 2242 quidem
593 2185 681 2244 (many.
693 2181 832 2243 erg0)rex,
848 2182 947 2230 animo-
1009 2219 1010 2248 3

147 2246 219 2293 sitate
229 2246 345 2309 princepe
355 2248 473 2308 militiae,
489 2248 693 2309 concupiscentia
703 2247 823 2306 Phichoi,
838 2250 883 2309 qui
891 2249 947 2297 libi-
972 2270 978 2275 ·
1009 2263 1010 2266 ¹

146 2312 211 2360 dinis
223 2313 317 2361 videtur
326 2328 381 2363 esse
390 2316 512 2377 provisor.
549 2313 680 2363 Ocholach
691 2316 794 2377 quidem
801 2328 884 2377 regna
891 2330 948 2378 par·

147 2386 234 2427 centur
248 2380 336 2443 (marp.
349 2382 477 2445 patenter)
490 2395 524 2429 ex
536 2388 641 2443 utraque
653 2396 731 2430 manu
744 2381 866 2444 stipatur,
888 2382 948 2430 hinc

146 2450 221 2507 atquo
230 2446 289 2495 hine
299 2462 344 2495 suo
354 2455 469 2511 protecto
477 2448 664 2511 prohibundus,
679 2448 809 2497 obtinente
818 2448 890 2497 euim
900 2450 948 2497 ira

146 2513 238 2561 cundia
251 2521 279 2561 ut
291 2516 407 2577 princepe
421 2516 526 2563 miiitiae
541 2522 671 2576 operatur,
690 2529 721 2563 co
735 2516 845 2578 amplius
858 2516 948 2578 pandi·
1009 2519 1010 2522 ’

145 2592 201 2627 mua
221 2580 315 2629 dictum
334 2596 367 2629 ex
383 2582 513 2630 nominum
533 2581 710 2640 amslanone,
740 2589 779 2630 eet
796 2581 949 2633 abimelech

145 2644 221 2693 Alide
237 2647 325 2711 (lnary.
342 2647 496 2707 Ocholach),
516 2646 621 2695 Phichcl
634 2647 791 2698 iuracuudia.
