2050 3100
136 123 185 176 352
260 129 358 174 rum.
378 127 451 173 inc.
472 124 698 185 obsessus
721 124 799 170 son.
818 116 940 184 [occe]

135 229 254 290 invitus,
272 228 470 283 inimmolatam
480 229 573 299 potius
586 244 696 283 carnem
710 227 770 300 igni
784 223 941 280 tradidisse

135 302 296 373 putabatur,
317 321 401 375 quam
411 303 579 358 sacrificium
588 301 732 360 obtulisse.

185 467 250 525 Quid
269 479 303 517 est
325 469 435 532 „Facies
452 469 510 518 miii
524 469 697 531 macenariam,
726 478 749 518 ct
765 469 891 532 apparebo

399 538 424 586 in
441 537 548 586 uobic“?
566 538 620 600 (25,
630 537 668 600 8.)

127 649 130 656 ·
190 640 233 691 ot.
252 636 396 693 Manifesta
409 638 639 702 esteccelittera,
660 631 792 708 ducciam
801 637 941 708 templum

135 711 257 782 (Graecis
275 719 455 767 sanctuarium
477 713 523 768 vel
547 712 694 777 sacellum,
726 711 807 786 ἱερόν)
834 712 942 766 dicitur

136 787 233 857 templi
241 795 403 860 prototypus
414 787 543 859 quidam,
554 787 774 843 tabernaculum.
805 785 850 842 Ad
859 804 943 840 men-

135 870 190 915 tem
200 878 265 916 vero
276 879 326 917 suo
335 864 426 935 operi,
441 862 517 933 quod
530 863 747 918 sacratissimum
757 869 812 925 est,
826 870 942 930 opporet

135 947 245 1008 semper
258 936 341 1002 deus,
368 954 468 1008 nempe
482 938 597 993 mundo.
636 936 782 1008 Siquidem
795 936 940 992 beneficae

137 1013 197 1066 eius
217 1012 333 1068 virtutes
353 1013 496 1077 videntur,
528 1013 635 1068 cunctis
655 1012 781 1084 partibus
801 1012 938 1075 lustratis,

136 1088 211 1143 caelo
221 1097 248 1142 et
256 1097 357 1153 terrae,
379 1104 480 1159 aquae,
503 1089 559 1142 aiiri
573 1097 601 1142 et
614 1087 821 1159 comprehensis
836 1088 866 1141 in
880 1088 936 1153 eis3

136 1164 267 1233 quoniam
281 1165 419 1236 propitius
433 1172 475 1217 est
488 1163 607 1218 salvator
621 1172 648 1217 et
662 1161 832 1226 benefactor,
854 1170 939 1233 atque

139 1238 197 1292 vult
213 1256 247 1293 ex
260 1240 400 1294 universis
418 1237 585 1294 animalibus
604 1237 735 1293 rationale
753 1254 842 1310 genus
861 1237 938 1292 exci-

136 1329 211 1382 pere.
255 1314 374 1386 Ideoque
393 1314 526 1385 ampliore
545 1311 618 1368 dono
632 1314 781 1376 honorans,
802 1320 834 1366 ut
847 1313 938 1366 maius

136 1385 316 1454 beneficium,
343 1391 373 1443 in
387 1406 442 1461 quo
456 1405 551 1448 omnes
568 1389 676 1459 species
694 1387 829 1442 bonorum
849 1388 938 1442 conti-

137 1470 249 1526 nentur,
265 1464 391 1520 concedit
401 1482 480 1519 suam
491 1464 704 1535 apparitionem:
717 1461 937 1536 solummodosit

138 1536 213 1591 locus
228 1540 395 1594 conveniens
409 1540 484 1594 omni
493 1539 637 1595 sanctitate
650 1539 824 1611 puritateque
834 1554 937 1610 purga-

136 1619 191 1665 tus.
231 1610 366 1677 Quoniam
376 1616 414 1678 si,
429 1616 561 1679 oanime,
576 1630 630 1668 non
641 1612 818 1685 praeparabis
828 1630 864 1668 ex
874 1621 900 1667 te
909 1621 936 1667 te

137 1686 243 1756 ipsum,
266 1686 397 1741 abscissis
414 1687 631 1759 cupiditatibus,
657 1688 860 1761 voluptatibus,
885 1688 934 1743 tri-

137 1760 221 1815 stitiis
232 1761 448 1833 timoribusque,
461 1770 487 1817 et
498 1764 614 1819 abiectis
625 1764 808 1835 insipientis,
825 1763 935 1818 iniusti·

137 1835 184 1888 tiis
195 1836 374 1907 cognatisque
384 1837 479 1903 malis,
502 1847 530 1894 et
539 1847 648 1894 mutans
658 1847 685 1893 te
696 1838 839 1911 adaptabis
852 1840 880 1893 in
891 1838 933 1892 vi-

137 1910 243 1964 sionem
262 1912 429 1977 sanctitatis‚
460 1930 559 1969 caecus
578 1914 727 1970 concludes
745 1915 832 1969 vitam
849 1922 929 1975 tuam,

137 1983 345 2057 intelligibilem
358 1988 445 2043 solem
460 1988 556 2045 videre
570 2007 625 2044 non
637 1999 745 2061 potens.
783 1988 834 2043 Sin
845 1997 932 2042 autem

137 2059 274 2133 condigna
288 2061 444 2118 initiatione
458 2064 577 2119 initieris
592 2073 620 2120 et
631 2065 722 2136 possis
734 2061 770 2138 [Ἴ
783 2062 930 2118 consecrari

137 2133 203 2197 deo,
234 2144 315 2207 atque
334 2139 537 2209 quodammodo
555 2139 689 2210 templum
713 2139 862 2193 animatum
879 2136 929 2210 (vel

137 2209 291 2285 spirituale)
306 2230 366 2268 esse
383 2215 484 2286 patris,
505 2215 627 2286 primum
640 2214 728 2269 oculis
744 2214 846 2285 apertis
861 2213 929 2284 aspi·

137 2287 194 2339 cias
209 2288 278 2357 quin
293 2305 426 2360 umquam
441 2289 568 2352 claudas,
599 2297 626 2343 et
644 2289 715 2361 vigil
735 2288 853 2343 decedes
871 2288 928 2343 abs·

136 2376 191 2429 que
202 2361 255 2416 alto
266 2379 375 2427 somno,
388 2365 483 2434 inquo
494 2364 683 2435 deprehensus
692 2363 824 2435 degebas.
853 2363 928 2418 Dein-

137 2432 172 2485 de
186 2445 315 2505 appareat
328 2438 380 2491 tibi
395 2438 518 2492 visibilis
533 2437 627 2510 ille*)‚
652 2440 702 2509 qui
716 2440 783 2493 oriri
802 2438 865 2493 facit
880 2437 926 2492 tibi

137 2505 310 2577 incorporeos
325 2510 430 2565 radios:
456 2510 528 2565 datis
546 2513 629 2565 etiam
647 2512 803 2568 visionibus
823 2523 924 2568 naturae

140 2617 349 2635 Μ

188 2672 209 2717 'l
231 2684 247 2711 t·
263 2679 299 2723 out
311 2681 446 2727 appariturus
459 2685 499 2725 eut,
522 2684 675 2722 outmtroottts
689 2686 730 2724 tlte.
757 2684 838 2725 Anch.
