2050 3100
188 240 237 291 358
312 243 410 290 PHIL.
429 242 503 288 Iun.
524 240 686 298 Quausu.
704 239 754 284 ET
774 238 854 283 SOL.
872 230 982 299 [lunt]
1007 296 1009 302 y

187 340 282 415 dus*).
323 341 412 413 Super
426 350 517 395 tamen
534 348 623 395 stante
641 338 763 411 perfecta
782 338 905 401 visione,
927 338 981 391 iure

186 417 312 488 superior
327 424 379 472 stat
394 417 483 471 virtus
497 416 699 487 propitiatoria,
720 430 775 485 qua
788 418 983 468 erectaauntet

188 501 342 547 constanter
352 492 490 545 exsistunt
499 492 602 545 omnia.
739 495 745 506 “

190 630 270 689 Quare
283 594 476 696 propitiatorium
497 630 689 696 „lonpundinem
706 639 729 679 ct
746 629 920 680 batumnw
936 638 983 677 tun·
1007 595 1009 692 i

253 698 404 831 {mutem
434 716 481 748 non
501 715 558 748 cero
580 698 726 749 altitudinem
750 697 815 761 (nive
832 696 982 761 prostradita·

242 864 285 915 6⁴.
301 859 462 933 Magnitudo
471 859 660 931 profunditate
669 875 775 923 carens,
787 859 817 913 in
828 861 982 928 inperante
1007 871 1008 878 ¹

186 944 292 991 tautum
302 945 328 991 et
338 937 368 991 iu
379 939 516 991 latitudine
532 936 606 998 visa,
627 933 788 1005 superficies
803 933 837 1005 (s.
851 949 982 1005 apparen-

186 1010 234 1084 tia)
244 1012 380 1067 vocitatur
390 1028 405 1065 a
415 1010 591 1085 geometricis
602 1009 681 1064 viris.
715 1008 886 1081 Apparentia
899 1016 981 1063 autern

186 1087 258 1142 entis
278 1086 446 1158 conspicitur
466 1086 549 1140 etiam
568 1101 618 1156 per
632 1084 700 1138 alias
714 1084 845 1147 virtutes,
867 1079 981 1139 maixime

186 1179 252 1217 vero
261 1180 310 1234 per
322 1162 470 1233 propitiam
481 1169 507 1214 et
517 1158 679 1214 beneficam.
718 1159 821 1214 Verum
837 1160 888 1229 qui
905 1160 982 1214 bene·

186 1236 281 1293 ficium
297 1237 465 1309 acceperint,
486 1234 562 1290 illico
577 1235 606 1289 in
621 1234 780 1306 apparentia
795 1232 895 1289 vident
905 1235 982 1289 bene-

186 1312 317 1369 factorem
332 1319 508 1384 apparentem
523 1309 607 1365 simul
622 1308 706 1382 (cum)
723 1308 835 1364 filiabus
854 1310 917 1364 auia
931 1309 981 1363 vir·

186 1388 314 1460 ginibus,
331 1388 439 1461 gratiis.

321 1526 358 1594 [¹¹]
381 1526 446 1584 Quid
460 1527 491 1578 nt
508 1526 700 1592 ,‚0terut2·m“t
721 1527 775 1592 (25,
796 1528 850 1590 ra.)

242 1633 284 1685 62.
314 1631 510 1701 Interpretatur
528 1634 639 1686 scicntia
655 1633 749 1694 mutto,
772 1631 802 1685 in
815 1639 925 1686 caetera
938 1647 982 1686 nc

80 1723 86 1730 ·
185 1705 261 1758 mina
288 1704 506 1777 intelligentiam·
523 1721 555 1759 ac
579 1704 687 1776 copiam
715 1722 795 1760 suam
823 1705 981 1761 refundens.

185 1779 348 1852 Symbolum
359 1787 450 1833 autem
460 1788 502 1833 est
517 1778 638 1850 duplicis
652 1780 777 1836 virtutis:
807 1783 946 1837 creatirae
959 1787 982 1833 et

184 1854 290 1925 regiam
322 1853 410 1907 maior
424 1860 515 1908 tamen
530 1862 572 1908 est
585 1855 706 1910 creativa
716 1855 871 1910 secundum
882 1857 982 1929 cogita-

184 1930 296 1982 tionem.
336 1927 468 1994 Quamvis
489 1929 564 1984 enim
582 1938 743 1986 coaetaneae
759 1931 814 1985 sint
828 1947 900 2003 quae
913 1933 981 1986 eirca

138 2003 141 2010 '
184 2003 267 2057 deum
277 2011 342 2059 sunt
351 2004 481 2068 virtutes,
494 2022 592 2060 verum
602 2007 681 2076 prius
690 2005 857 2078 intelligitur
866 2007 980 2061 creativa
1007 2046 1008 2077 p

184 2095 268 2149 quam
277 2080 363 2151 regia.
403 2080 461 2134 Rex
470 2082 545 2134 enim
556 2089 597 2136 est
606 2081 755 2152 quisquam
770 2081 914 2141 nuncius,
935 2078 980 2151 qui
1007 2104 1008 2111 κ

184 2171 238 2208 non
250 2162 300 2219 est,
312 2154 362 2209 sed
372 2157 442 2219 eius,
451 2149 505 2225 'qui
515 2154 603 2210 iactus
613 2163 664 2210 est.
690 2155 814 2210 Titulum
824 2164 915 2210 autem
925 2147 980 2209 aor-

184 2230 233 2284 tita
243 2237 285 2284 est
294 2231 324 2284 in
337 2231 424 2286 sacris
437 2230 583 2301 scripturis
598 2231 718 2285 creativa
732 2229 855 2303 (virtus),
877 2239 908 2286 ut
921 2234 980 2284 deta
1007 2254 1008 2327 p

184 2305 382 2376 appellaretur;
415 2305 547 2375 quoniam
567 2304 641 2376 apud
659 2307 777 2360 maiores
797 2300 979 2377 (Graecorum)
1007 2330 1008 2337 κ

184 2380 243 2435 loco
254 2380 332 2434 verbi
342 2385 428 2448 facere,
437 2379 480 2452 (ut
488 2379 590 2452 creare)
605 2379 750 2438 dicebatur
761 2398 858 2448 ponne
871 2380 979 2453 (Graece
1007 2442 1008 2447 ἵ

182 2458 279 2520 θῆναι,
289 2454 365 2509 Arm.
378 2457 443 2508 tncl:
467 2455 713 2529 hinctticondcur).
744 2456 831 2528 Regia
840 2472 905 2510 vero
915 2453 979 2525 (vir
1007 2496 1008 2499 ,

182 2529 241 2601 tus)
261 2533 379 2584 domim
397 2539 524 2595 vocatur,
554 2531 686 2601 quoniam
704 2530 804 2586 titulus
822 2529 928 2586 domini
946 2527 978 2582 ab

182 2601 361 2674 omnibua**)
377 2615 564 2661 consecratum
579 2614 621 2659 est
634 2605 705 2676 regi.

233 2742 259 2818 2
275 2753 293 2782 a.
306 2753 369 2790 carpor
382 2743 531 2793 intetttpttttem
544 2746 641 2783 murman
651 2747 743 2792 peritiam
756 2752 793 2787 eat.
820 2746 905 2786 Auen.

260 2791 574 2843 ia.uatacrtmtn...rept.
600 2795 681 2835 Aaou.
