2050 3100
64 278 204 346 [litatio]
215 285 258 331 IN
276 285 452 331 GENESIN.
472 284 601 330 sERuo
623 286 667 330 ΙΙΙ,
813 281 839 332 ll

63 385 146 438 nentis
159 401 270 456 quoque
284 401 405 456 aqueum
418 384 584 456 cereumque
598 393 625 439 et
641 385 769 458 igneum,
795 403 845 458 ap-

62 458 204 527 pellandum
223 461 313 532 magis
325 460 406 519 iuxta
420 459 681 530 apprehensionem,
701 477 786 532 quam
801 462 846 516 vi-

61 533 162 601 sionem;
187 541 214 589 et
223 552 294 605 aqua
305 551 360 589 non
371 541 413 588 cst
423 534 461 588 ita
470 534 560 589 nitida
570 551 708 606 puraque,
724 537 793 607 quin
806 533 843 610 [*]

61 604 144 662 habeat
160 610 402 681 participationem
421 609 496 663 venti
517 608 562 664 vel
580 617 681 676 terrae3
715 611 756 664 sic
774 619 801 665 et
815 611 845 664 iu

61 680 237 755 aliissingulis
249 684 412 754 temperatio
422 683 560 738 mixturae
574 691 625 738 est.
665 683 766 750 Quinta
780 701 846 740 vero

60 754 195 812 substantia
209 760 337 813 immixta
353 766 380 813 et
392 774 464 829 pura
477 757 536 812 sola
550 767 593 812 est
606 756 690 822 lacta,
711 758 747 812 ob
761 775 846 829 quam

60 831 174 887 rationem
187 850 244 888 non
259 833 340 888 solita
355 831 410 887 tuit
426 831 525 886 incidi.
565 832 654 906 Quare
668 833 721 888 rite
741 832 847 888 dictum

59 912 102 959 est:
126 913 189 962 Asea
202 926 258 963 uon
272 911 362 962 divisit
366 928 376 976 ,·
400 908 532 979 quoniam
542 908 688 962 volucrum
698 909 785 964 instar
797 925 847 962 ex-

60 977 126 1035 altata
143 990 184 1037 est
202 990 304 1037 natura
327 981 454 1036 caelestis
473 990 530 1036 tam
548 983 735 1054 planetarum,
762 1000 846 1055 quam

59 1051 166 1122 fixurum,
179 1057 215 1112 ad
224 1056 443 1112 similitudinem
453 1057 597 1112 ambarum
607 1057 740 1113 uidelicet
750 1059 846 1112 avium

58 1130 219 1197 mundarum,
241 1133 360 1187 turturis
375 1139 402 1186 et
416 1132 574 1197 columbae,
598 1132 766 1188 divisionem
785 1133 845 1187 sive

60 1205 189 1260 sectionem
199 1207 254 1261 vix
263 1205 481 1261 admittentium:
501 1208 614 1279 quintae
625 1208 700 1261 enim
710 1207 846 1262 essentiae

58 1284 92 1330 est
105 1280 259 1336 sincerioris
276 1298 308 1335 ac
322 1281 457 1352 purioris,
478 1291 506 1336 et
520 1281 583 1336 ideo
603 1282 694 1354 magis
713 1282 846 1336 unitatem

58 1349 164 1411 imitatur
172 1355 365 1411 indivisibilis
374 1355 444 1410 haec
456 1365 563 1412 natura.

112 1557 172 1618 Quid
186 1572 223 1614 est
242 1561 493 1627 „Desceudsruntpse
512 1578 569 1613 oses
584 1562 610 1613 sit
626 1578 730 1629 corporo
747 1561 783 1613 di-

323 1629 417 1681 vomu
435 1634 491 1697 (rs,
510 1633 564 1693 rr.)

101 1761 127 1815 Ἰ.
148 1762 383 1838 Quandoquidem
395 1765 488 1823 divisa
499 1766 549 1822 illa
558 1765 711 1839 symbolice
721 1766 774 1821 tria
785 1766 847 1819 ani-

58 1837 160 1902 mantia,
175 1841 281 1905 ritula,
302 1858 386 1913 capre
397 1842 521 1905 starioc,
540 1840 708 1913 signasunt‚
729 1840 847 1895 utdixi-

59 1922 125 1974 mus,
136 1921 232 1980 terrae,
247 1931 334 1987 aquas
344 1924 372 1971 et
382 1917 466 1971 airis:
488 1932 559 1988 opus
569 1924 709 1971 esttamen
720 1922 846 1987 coaptare

60 1981 229 2045 redditionem
238 1991 367 2055 rationis,
379 2008 518 2063 perpensa
527 1992 641 2045 veritate
651 1990 705 2045 sub
716 1990 847 2063 mysterio

60 2056 251 2119 similitudinis.
291 2066 426 2120 Fortassis
441 2065 535 2135 itaquo
555 2065 683 2137 designat
701 2080 750 2134 per
768 2064 846 2120 vola-

60 2135 209 2193 tonarium
219 2156 304 2210 super
316 2140 466 2203 sectiones,
487 2156 601 2193 monens
612 2139 789 2193 inimicorum
801 2139 846 2192 in-

62 2207 198 2267 vasionem.
237 2214 373 2269 Universa
386 2215 476 2278 enim,
498 2230 571 2284 quas
585 2215 680 2269 subter
695 2213 791 2268 lunam
805 2220 846 2267 est

61 2288 157 2361 nutura,
170 2287 254 2358 plena
262 2297 304 2343 est
313 2288 428 2360 praeliis
437 2306 470 2344 ac
479 2288 700 2361 malignitatibus
713 2288 846 2343 domesti-

64 2366 96 2405 cu
108 2365 133 2411 et
146 2363 274 2417 externis.
314 2362 357 2418 Ob
367 2364 462 2418 cibum
471 2372 498 2418 et
508 2364 650 2435 crapulam
660 2378 744 2433 super
754 2362 845 2418 divisa

65 2440 236 2514 ⁸tllflecorpora
245 2454 311 2492 aves
322 2438 451 2493 videntur
465 2438 572 2494 volare:
601 2446 698 2493 natura
712 2437 846 2491 nimirum

67 2500 197 2564 validiores
215 2529 299 2582 super
318 2512 446 2567 imbelles
464 2521 605 2584 tamquam
627 2529 711 2583 super
732 2528 844 2582 corpora

68 2586 156 2634 mortua
169 2584 290 2651 irruunt,
310 2586 474 2657 plerumque
492 2604 528 2641 ex
545 2587 696 2659 improviso
711 2585 846 2641 invaden-

68 2653 110 2701 tlt·
143 2653 176 2712 tt
187 2675 271 2731 super
284 2670 419 2717 turturem
433 2670 460 2715 et
474 2660 631 2716 columbam
651 2678 706 2716 non
726 2660 843 2719 evolant,

69 2713 101 2794 l‘l
109 2733 230 2797 quoniam
240 2737 379 2791 immunes
392 2754 407 2790 a
420 2735 621 2807 cupiditatibus
632 2730 847 2789 infraudabiles-

71 2806 113 2861 lle
122 2816 179 2861 sont
188 2809 327 2866 caelestes.
