2050 3100
138 149 170 200 58
262 151 361 196 Pnrn.
383 150 458 195 ron.
478 149 641 208 Qonnsr.
659 151 710 194 nn
730 151 807 195 son.
830 143 948 221 [nasa]

137 255 222 315 eima,
244 252 330 306 altera
343 267 455 322 quoque
469 249 577 306 decima
592 249 747 306 abstollitur
759 267 796 306 ex
806 251 947 308 residuis.

136 330 179 383 Ex
193 327 255 381 istis
270 328 365 398 itaque
379 325 489 381 duobus
503 326 655 381 maioritate
671 326 833 382 honoratum
847 336 890 382 est
903 329 950 384 il-

138 402 188 457 lud
199 402 321 473 primurn
332 419 363 456 ao
372 402 537 473 principale,
550 410 577 456 et
586 401 708 456 meando
718 401 947 474 loooistudqtred

136 479 273 548 sequitur.
312 477 447 542 Quoniam
467 477 641 532 centenarius
659 493 791 532 numerus
805 495 947 532 annerum

138 553 272 624 sapientis
296 552 507 624 comprehendit
530 551 625 606 ambas
648 552 799 624 primitias,
834 552 946 624 quibus

136 636 324 690 consecratur,
346 629 464 698 primam
478 629 594 698 inquam
608 633 634 681 et
648 626 810 682 seounrlam.
848 629 948 694 Nona,-

136 702 267 774 genarius
281 709 373 756 autem
387 719 521 757 annorum
533 701 662 756 feminini
677 703 787 774 generis
807 719 945 758 numerus

137 777 260 831 continet
273 776 409 831 secundas
421 777 559 849 primitias
569 777 702 840 minores,
719 776 844 832 residuas
855 779 948 832 nimi·
1023 809 1024 814 κ

138 869 201 906 rum
210 853 294 922 primi
303 861 331 906 et
339 853 412 907 inter
421 869 513 906 saeros
524 868 653 906 numeros
662 853 766 924 magni.
805 854 947 908 llaeeita-
1023 877 1024 902 r

137 943 193 997 que
202 928 292 997 prima
302 926 410 982 dicatur
419 927 526 981 theoria
541 925 633 999 (visio)
646 927 676 980 in
691 943 768 982 saera
783 927 848 1000 lege·
858 926 947 982 lami·-

138 1001 215 1055 liaris
230 1010 258 1057 et
271 1003 356 1056 altera
369 1003 526 1075 generalem
540 1001 646 1056 habens
655 1009 794 1070 naturam3
819 1019 945 1074 namque

137 1078 334 1148 nonagesimus
354 1095 485 1132 numerus
505 1076 607 1132 fertilis
625 1085 679 1142 est,
704 1093 790 1148 quare
804 1085 832 1132 et
844 1093 946 1132 manse

137 1167 209 1207 nono
224 1153 360 1224 parturire
371 1153 485 1208 accidit:
516 1151 641 1207 decimus
652 1160 744 1208 autem
754 1169 831 1206 sacer
839 1161 946 1224 etper·

137 1225 241 1292 lentus,
256 1227 361 1299 quibus
371 1228 482 1301 (nempe
492 1231 509 1282 9
518 1237 544 1282 et
557 1227 597 1300 lt)
611 1227 817 1298 multiplicatis,
834 1236 946 1284 constat

137 1304 286 1374 nonaginta
301 1310 334 1357 ut
346 1305 438 1359 virtus
451 1320 545 1357 sacrae
560 1303 716 1374 geniturae,
744 1303 821 1357 iuxta
835 1319 944 1357 nonum

137 1378 275 1446 recipiens
294 1376 413 1432 fertilem
432 1377 652 1450 generationem,
682 1377 758 1433 iuxta
779 1395 843 1434 vero
863 1377 945 1432 deoi—

137 1466 213 1503 mum
228 1466 344 1504 sacram.

155 1613 192 1677 Γ]
214 1612 262 1661 ser
279 1612 341 1660 aaa
359 1612 485 1662 aaaron
506 1614 542 1662 aa
560 1615 640 1665 osam.-
669 1615 783 1679 „remae
801 1600 839 1667 ro
858 1617 924 1666 ovat

390 1696 469 1728 coram
483 1684 545 1730 Μ
563 1684 615 1745 (17,
633 1685 686 1747 18.)

191 1782 234 1834 57.
257 1781 379 1835 Primum
389 1798 443 1837 non
454 1782 570 1855 despero
581 1783 695 1856 quidem
706 1784 777 1859 (ait),
790 1804 805 1841 ο
817 1780 940 1852 domine,

137 1856 171 1910 de
186 1855 293 1909 meliori
307 1857 496 1929 generatione,
519 1859 569 1914 sed
580 1860 661 1915 credo
671 1862 848 1935 promissioni
858 1869 939 1931 tuae3

136 1931 203 1984 satis
217 1936 363 1985 esttamen
378 1932 448 1986 mihi
464 1932 568 1989 donum
581 1936 676 1991 vivere
690 1936 778 2005 hune,
803 1936 851 2007 qui
867 1937 944 1991 inte-

137 2006 190 2059 rim
205 2005 234 2058 in
249 2005 341 2061 medio
354 2008 437 2062 vivus
448 2018 489 2064 est
499 2008 589 2074 filius,
610 2012 662 2065 etsi
673 2028 727 2066 non
738 2012 775 2067 sit
785 2011 943 2067 secundum

136 2080 280 2150 proprium
294 2098 395 2153 genus,
417 2092 448 2137 ut
463 2102 498 2139 ex
512 2085 666 2139 concubina
680 2095 771 2141 natus.
811 2086 942 2143 Secundo

135 2153 207 2207 illud
222 2171 346 2227 quoque,
369 2157 443 2228 quod
459 2176 533 2213 nunc
547 2160 630 2230 petit,
653 2159 822 2215 adiectivum
837 2168 878 2215 est
887 2161 941 2215 bo-

136 2244 217 2295 mrm,
232 2233 374 2285 nonenim
383 2233 470 2287 vitam
480 2234 568 2288 solam
577 2242 654 2307 optat
661 2234 732 2298 lilio,
747 2236 941 2290 verumetiam

135 2304 314 2375 praeeipuam
329 2308 358 2361 in
374 2307 427 2361 deo
441 2309 541 2372 vitam,
563 2326 618 2380 quo
633 2310 704 2364 nihil
720 2309 870 2382 perfectius
885 2328 941 2381 pu·

134 2376 250 2433 tandum
267 2390 322 2445 est,
348 2398 439 2437 eoram
459 2384 511 2438 deo
531 2385 663 2439 nimirum
682 2386 799 2441 sanitate
817 2386 940 2457 gaudere

135 2452 263 2519 salutari,
279 2471 350 2527 quae
361 2458 485 2529 aequalis
495 2466 538 2513 est
549 2460 757 2515 immortalitati.
788 2462 879 2515 Tertio
889 2478 940 2531 per

135 2530 321 2585 coniecturam
332 2532 491 2587 subindicat
501 2533 623 2588 auditam
636 2534 728 2607 legem
742 2534 868 2591 divinam
883 2552 938 2591 non

136 2602 172 2655 ad
187 2606 312 2660 auditum
327 2607 417 2662 solum
431 2610 499 2662 satis
515 2608 615 2662 ducere
634 2608 779 2674 debrn'sse,
801 2609 850 2665 sed
866 2612 939 2665 inte-

136 2677 195 2731 rius
209 2680 364 2753 transgredi
379 2692 406 2738 et
421 2682 537 2738 formare
548 2683 731 2754 principalem
744 2685 805 2739 eius
815 2694 936 2756 partem:
