2050 3100
110 201 158 253 406
336 204 519 252 PHILONIS
537 203 676 251 IUDAEI
793 196 836 263 [IL
848 198 909 265 bib]

163 309 207 362 25.
231 305 262 360 Si
277 307 474 378 ergoomuium
484 305 634 377 spirituum
644 302 715 358 dona
726 304 909 377 suscepisset,

109 382 192 437 etiam
201 381 392 452 impeccabilis
403 380 483 435 bomo
493 388 525 434 ut
533 377 674 433 videretur
686 387 837 450 oporteret3
863 380 911 435 sin

110 464 200 511 autem
211 472 246 509 ex
255 454 328 510 ionte
338 472 493 527 magnoque
503 454 572 509 mari
582 462 687 526 guttam
697 456 803 526 gratiae
812 472 912 509 susce-

109 532 165 602 pit,
186 529 322 601 quomodo
337 546 391 585 una
406 538 517 601 accepta
531 546 567 583 ex
580 528 705 599 partibus
719 536 807 584 totum
817 531 913 601 possi·

109 606 175 659 dere
184 604 397 676 comperiretur?
424 605 548 677 Quippe,
564 612 595 657 ut
603 604 731 675 exemplo
740 604 913 675 persuadea-

110 697 186 744 mus,
211 680 334 751 suscepit
352 679 473 734 iustitiae
491 679 621 751 spiritum
640 687 796 749 protopater
818 689 913 735 noster

110 755 247 810 Abrabam
262 764 289 809 et
303 757 464 810 monstravit
479 770 543 809 eum
557 753 677 808 bonitate
691 753 821 825 plenum,
843 756 913 825 quia

111 830 230 885 credidit
248 831 278 883 in
296 830 451 886 Viventem.
494 829 624 900 Suscepit
643 828 796 884 honestatis
814 828 914 902 (spiri-

110 906 179 978 tum)
198 905 310 977 Ioseph,
338 914 366 973 et
385 904 499 960 afferens
519 904 647 959 exhibuit
665 920 729 959 eum
748 904 913 959 concedenti

109 982 224 1052 pienum
238 982 267 1035 in
279 997 393 1051 corpore
406 998 470 1045 suo,
491 989 619 1050 superata
633 980 735 1034 carnali
746 979 912 1052 cupiditate.

111 1056 360 1129 Susceperuutzeli
370 1057 498 1128 spiritum
509 1054 620 1109 Simeon
635 1063 662 1109 et
675 1056 756 1119 Levi,
779 1062 805 1109 et
819 1056 913 1109 mani-

111 1130 317 1187 festarunteum
326 1131 496 1186 Sebimorum
506 1138 603 1184 morte.
642 1130 770 1201 Suscepit
784 1130 851 1184 iusti
864 1131 914 1183 iu·

111 1206 179 1261 dicii
194 1206 343 1280 (spiritum)
356 1206 437 1270 luda,
457 1213 485 1260 et
498 1204 670 1277 praedicavit
680 1221 744 1259 eum
752 1203 860 1259 iudicio
868 1204 913 1259 fa-

111 1290 155 1337 cto
169 1284 251 1337 nurui
266 1299 342 1337 sune.
384 1280 507 1336 Habebat
523 1289 550 1335 et
565 1280 826 1351 Sampsonvirtutis
841 1279 913 1352 (spi-

111 1354 219 1431 ritum),
241 1366 317 1413 etex
330 1357 462 1429 operibus
482 1355 672 1410 demonstraus
690 1355 828 1426 praestitit
845 1372 913 1426 pcr-

111 1431 272 1488 fectissime.
316 1433 347 1487 Si
361 1449 426 1505 ergo
440 1431 557 1486 fortibus
572 1430 661 1485 defuit
676 1430 805 1502 spiritus,
828 1446 913 1485 accu-

112 1508 216 1562 sandus
226 1508 286 1571 erit,
298 1509 429 1579 qnoniam
439 1508 499 1563 eius
511 1514 568 1562 erat
574 1506 704 1563 virtutem
712 1504 910 1573 demonstrare,

112 1585 294 1636 instrumento
305 1600 373 1637 usus
389 1583 554 1655 Sampsoue;
585 1583 629 1636 siu
644 1589 735 1636 nutem
750 1582 865 1653 spiritus
881 1583 912 1636 in

111 1658 222 1727 propria
235 1658 323 1728 gratia
333 1656 431 1712 fortius
441 1658 562 1729 perstitit
571 1665 598 1712 et
609 1657 678 1712 aliae
688 1656 822 1721 insidiae,
839 1673 913 1728 quaa

112 1739 276 1794 evenerunt,
298 1731 478 1803 Sampson'em
492 1733 633 1796 vicerunt,
656 1731 725 1804 quid
740 1732 912 1804 imponimus

112 1805 231 1860 alienam
244 1807 446 1860 accusationem
459 1823 544 1879 super
558 1805 705 1880 spiritum?

152 1913 209 1967 26.
234 1910 273 1964 lta
287 1918 341 1975 est,
363 1911 414 1978 ait;
446 1919 473 1966 at
487 1899 608 1984 aeduum
621 1923 678 1970 erat
689 1921 820 1987 peccante
831 1912 912 1969 Sam—

111 2001 197 2057 psoue
208 1984 355 2040 abscedere
365 1987 508 2058 spiritum,
521 2005 556 2043 ue
568 1985 605 2068 [*]
616 2007 693 2045 reum
704 1989 856 2045 adiuvaret.
876 1989 913 2044 Et

112 2059 161 2114 ubi
172 2060 284 2116 divinae
294 2063 484 2133 promissionis
499 2081 569 2136 opus
583 2063 771 2120 inveniretur?
800 2072 827 2119 et
841 2081 912 2135 quo-

112 2135 193 2190 modo
211 2152 266 2191 uon
285 2136 419 2193 violentos
435 2138 529 2195 bostes
547 2157 597 2194 vos
618 2139 774 2195 monstratis
798 2139 912 2195 divinae

112 2211 282 2283 scripturae?
310 2211 456 2284 Siquidem
468 2215 678 2287 promissionem
689 2214 800 2270 virtutis
810 2230 913 2286 paren-

111 2295 153 2341 tes
163 2289 243 2359 pueri
253 2298 446 2360 susceperunt,
466 2291 543 2344 misit
557 2289 639 2356 deus,
661 2291 787 2345 minister
799 2288 851 2343 fuit
861 2305 912 2342 au-

112 2362 206 2434 gelus:
240 2364 265 2418 is
285 2371 377 2418 autam
395 2363 549 2439 (Sampson)
569 2375 714 2437 autequam
732 2372 912 2420 monstrasset

112 2436 220 2508 aliquid
230 2437 265 2492 de
276 2439 387 2493 virtutis
396 2441 541 2511 operibus,
562 2441 592 2495 in
606 2441 716 2513 puellae
731 2439 844 2496 deditus
857 2438 912 2494 tuit

111 2510 301 2580 cupiditatem.
325 2511 436 2578 Quodsi
447 2515 562 2584 spiritus
572 2516 648 2570 iuxta
658 2515 819 2587 cupidinem
831 2513 912 2570 Sam-

110 2586 206 2654 psouis
219 2602 359 2657 quoquam
378 2588 548 2652 abscederet,
571 2591 679 2644 virtutis
698 2581 910 2663 promissionem

110 2656 186 2710 baud
200 2660 413 2715 invenissemus.
452 2661 591 2728 Quomodo
607 2673 764 2720 autemnon
780 2674 808 2720 et
817 2672 913 2720 contra

111 2731 201 2798 ipsam
228 2733 402 2789 divinitatem
425 2736 533 2809 linguas
559 2747 686 2794 acuentes
710 2740 745 2796 de
768 2739 913 2813 Scriptura
