2050 3100
193 245 241 300 000
261 251 358 297 enm.
377 251 452 298 run.
470 249 539 296 nin.
558 249 608 296 nn
625 240 878 296 Autumnus
898 243 989 308 [0,00]

191 350 363 426 guibertum.
402 347 682 425 lleoileesteuimei‚
698 347 844 418 quivelit.
865 349 988 404 innume-

191 443 235 483 rus
246 425 348 499 fingere
359 424 525 480 differentias
534 431 559 477 et
569 421 703 476 voeabula
716 423 906 487 contentiose,
926 439 987 494 quoe

192 500 282 560 eidem
298 500 448 555 sententiae
463 497 666 570 aequivoleont:
689 504 888 568 argumentum
905 507 985 552 auten

191 577 231 630 rei
246 573 354 628 firmum
369 580 395 628 et
408 572 584 627 menifestum
598 571 713 641 recipiet
725 571 790 641 quie
799 587 838 624 ex
847 587 897 635 eo,
922 571 984 643 quod

192 647 329 704 auditores
348 648 425 701 vario
441 643 477 720 [*]
494 645 575 700 modo
594 646 753 716 concipiunt
772 653 800 698 ot
818 661 876 699 non
898 645 984 700 eaden

189 737 296 787 omues3
318 736 369 774 neo
384 720 458 780 enim
469 719 504 774 nd
514 721 599 774 instar
609 719 764 774 blaesorum
774 717 983 774 balbutientium

190 803 232 848 est
260 811 343 848 sonus
371 793 485 850 istorum
514 794 706 867 (animantium
732 809 764 846 oo
790 793 984 849 instrumente

189 865 275 940 rum),
288 867 337 922 sed
347 867 489 922 tenebroso
500 869 704 940 comperiuntur
713 868 820 930 omnio,
837 884 915 940 quoe
924 869 983 942 poli

189 951 216 998 tu
226 959 293 998 vooe
304 959 334 997 oe
344 941 446 998 diserte
455 944 653 1014 pronunciante
663 950 737 996 certo
746 943 909 1013 privantur.

248 1046 305 1100 too.
325 1044 487 1107 Desinemus
502 1044 596 1114 itaque
610 1043 818 1098 obmurmurare
834 1055 933 1101 eontra
944 1064 982 1100 ne

190 1131 292 1183 turam,
305 1127 333 1174 et
342 1118 510 1189 impietatem
520 1117 625 1174 subire.
658 1115 896 1188 Quandoquidem
906 1138 982 1193 nsque

189 1194 226 1250 ad
235 1193 351 1266 gradum
360 1193 475 1249 humaui
483 1194 593 1264 generis
606 1192 737 1248 extollere
750 1193 946 1259 immerentis,
964 1205 983 1248 et

189 1268 314 1340 indignis
333 1267 497 1328 distribuere
515 1266 654 1338 aequalia,
680 1283 786 1321 summa
806 1278 853 1322 est
874 1269 980 1325 iniuria:

188 1351 248 1400 tum
263 1344 418 1414 vituperare
432 1341 495 1396 illos
514 1341 564 1412 (so.
584 1341 732 1412 homines),
756 1341 808 1414 qui
823 1341 983 1417 dignitatern

189 1417 274 1489 primi
289 1417 390 1489 gradus
405 1432 440 1474 ex
453 1424 549 1470 natura
562 1416 651 1470 sortiti
664 1424 727 1469 sunt
742 1414 782 1486 ⁴⁹⁵),
804 1426 834 1471 et
850 1423 983 1493 egregiam

189 1491 365 1547 sobrietatem
381 1490 536 1545 adscribere
550 1484 661 1579 ignavis
679 1506 710 1544 00
726 1491 841 1564 exiguis
862 1496 983 1552 minine
1004 1464 1006 1535 l

189 1580 244 1637 que
256 1566 450 1637 apparentibus
461 1564 597 1621 bestiolus.
1003 1573 1005 1618 l

238 1730 260 1779 l¹)
282 1732 336 1771 Plln.
354 1732 405 1780 vn,
427 1732 450 1772 1:
473 1732 639 1780 „Anlmtmtlum
655 1733 677 1771 ln
693 1732 768 1771 eodem
785 1734 894 1783 (mundo)
912 1717 1003 1784 netur-l

188 1781 266 1821 nulllus
282 1792 347 1830 prope
364 1784 431 1831 porus
448 1784 627 1833 oontemplntlone
643 1784 711 1821 mmor
728 1785 772 1826 ut,
793 1784 914 1832 etquidem
926 1791 985 1828 omnir
1000 1813 1001 1848 l

188 1832 274 1880 exsequi
291 1833 396 1871 humerius
413 1834 496 1875 unimus
514 1837 586 1883 queat.
611 1834 740 1881 Prlneiplum
756 1833 804 1871 lure
822 1836 941 1880 tribuetur
956 1842 1002 1877 ho·

189 1882 249 1929 mint,
269 1880 330 1922 culus
343 1892 407 1922 oenoe
419 1884 505 1926 videtur
518 1886 595 1925 ennete
607 1884 648 1923 0110
661 1884 759 1932 genuisse
771 1886 885 1930 ustum
915 1891 984 1933 Auen
999 1919 1000 1934 ,

998 1995 1000 2030 l

997 2057 999 2114 l

996 2129 998 2196 l

995 2211 997 2278 l
