2050 3100
143 122 194 177 aet
218 126 315 172 nuru.
336 123 408 170 run.
429 122 592 181 Quaesr.
611 124 661 170 aa
681 124 759 169 soc.
780 117 950 188 [nasama]

142 228 255 282 tionem.
300 223 436 290 Quoniam
457 225 506 296 qui
527 225 748 297 peregrinatione
767 223 875 280 habitat
896 227 951 282 ali-

143 301 221 364 cubi,
239 299 284 354 vel
295 307 417 370 acceptat
426 315 471 353 res
485 316 594 364 eorum,
612 299 686 371 apud
701 316 771 370 quos
785 302 950 374 peregrina-

142 385 200 438 tur,
222 374 267 430 vel
282 374 463 430 abalienatur.
503 372 662 446 deceptatio
675 374 769 445 itaque
789 382 830 430 est
848 384 950 447 puteo-

142 467 203 506 rum
218 449 383 513 obstructio,
405 455 489 520 quain
505 447 628 504 fecerunt
643 449 829 522 alienigenae,
851 450 950 506 detur-

143 526 240 582 bantes
259 524 408 596 proborum
428 525 583 580 animorum
606 525 731 580 nomino.-
771 522 948 581 Abalienatio
1009 592 1010 595 Ἴ

143 616 208 656 vcro
218 598 334 654 refossid
345 607 371 654 et
381 599 605 672 repurgatioest,
626 599 710 655 simul
726 607 839 654 attracto
854 602 947 656 animo
1009 624 1010 627 ¹

144 674 254 730 arabus
264 675 404 730 consuetis
414 675 444 728 in
454 673 671 745 profunditatem
684 674 888 748 intelligendae
902 676 948 730 dr-

143 749 278 821 sciplinae
289 751 375 822 inque
385 749 493 804 labores
503 749 656 814 studiosos,
668 749 772 821 quihus
782 766 895 804 rursum
907 748 945 825 [*]

142 823 324 892 inveniuntur
342 823 479 897 (perdita).
527 823 616 890 Quare
634 831 662 879 et
679 824 763 880 valiis
781 825 884 879 similis
905 835 948 880 est
1009 844 1011 859 >

142 899 372 972 peregrinationi:
403 900 469 971 quia
483 898 547 964 ille,
568 901 617 971 qui
629 899 946 970 acceptavitsecundum
1009 960 1010 965 ἵ

142 974 351 1030 consuetudinis
367 990 499 1034 errorem,
525 973 634 1047 aufugit
648 975 718 1029 etin
732 973 833 1029 humili
847 975 947 1030 vallis-
1009 1016 1010 1045 ,

142 1067 197 1122 que
212 1051 268 1106 situ
282 1050 385 1122 iugiter
400 1049 537 1118 ambulet,
565 1051 615 1121 qui
627 1066 691 1106 vero
700 1066 784 1120 super
795 1067 841 1104 ecs
851 1067 947 1106 surre-

142 1126 228 1190 xerit,
240 1143 350 1181 sursum
362 1123 486 1180 ascendit
495 1133 523 1179 et
533 1123 669 1179 dividitur
680 1124 715 1179 ad
723 1125 946 1197 magnitudinem
1009 1156 1010 1193 3

142 1201 264 1256 virtutis.
303 1199 395 1267 Quum
410 1207 501 1255 autem
517 1200 639 1271 primum
648 1199 771 1255 revolvet
779 1200 809 1253 in
819 1217 850 1255 sa
860 1217 947 1272 quar-
1009 1234 1010 1251 2

142 1286 201 1329 tum
216 1291 376 1340 numerum,
397 1291 480 1346 quem
495 1276 604 1346 quaerit
614 1273 715 1346 cupido
726 1275 831 1338 animo,
844 1272 882 1350 [⁴¹⁵]
896 1275 946 1330 ab-
1009 1266 1010 1333 ]

142 1350 295 1404 iectavalie
306 1366 434 1404 unacum
449 1350 539 1404 tribus
553 1351 659 1421 puteis,
681 1348 824 1404 abscedat:
856 1367 945 1405 unum
1009 1402 1010 1419 ,

143 1423 291 1488 abiiciens,
313 1424 379 1495 quia
393 1423 560 1478 insidiarum
572 1425 648 1479 locus
658 1432 700 1479 est
710 1432 736 1479 et
747 1424 839 1496 laquei
849 1426 945 1496 suspi-
1009 1426 1010 1429 ’

143 1497 301 1569 cionisque,
323 1506 444 1557 caeteros
459 1505 564 1565 autem,
585 1501 651 1571 quia
665 1516 732 1574 prae
746 1516 776 1555 se
791 1498 884 1570 ferunt
893 1517 945 1556 au·
1009 1514 1010 1517 ’

143 1820 202 1874 cola
216 1818 291 1873 enim
305 1826 352 1873 aut
366 1821 502 1875 consentit
516 1821 718 1879 habitatoribus
732 1832 778 1879 aut
796 1822 944 1879 alienatur.

142 1895 211 1948 Dum
226 1909 291 1965 ergo
305 1895 454 1959 consentit,
473 1895 613 1953 obstrusio
628 1915 709 1969 pares
727 1899 794 1954 boni
811 1902 943 1969 pectoris.

143 1968 278 2023 alienatio
288 1985 354 2025 vero
363 1971 537 2041 purgationis
546 1972 670 2028 insinuat
683 1974 854 2045 auspicium,
875 1972 946 2029 dum

142 2043 301 2099 exhortatur
313 2044 405 2099 anima
419 2062 455 2101 eu
468 2047 591 2112 usitatis,
611 2048 640 2102 in
655 2048 801 2104 altitudine
814 2047 947 2120 discipli-

142 2134 239 2174 narum
253 2119 424 2189 ministrare:
449 2120 513 2176 ideo
527 2124 660 2178 maceries
673 2123 791 2179 incolatc
801 2139 947 2194 compara·

141 2201 199 2263 tur;
228 2194 411 2266 conspirando
429 2196 504 2251 enim
522 2199 661 2253 consuetis
675 2198 797 2254 locorum
812 2197 943 2262 fallaciis,

142 2269 256 2335 novitio,
267 2268 369 2328 humili
379 2280 405 2326 at
415 2272 520 2326 valloso
530 2280 602 2327 statu
612 2273 753 2343 perdurat.
784 2274 946 2347 Demigrars
1009 2293 1010 2296 ¹

142 2352 234 2399 autem
249 2346 378 2417 cupiens,
400 2346 517 2418 erigitur
531 2346 566 2401 ad
580 2348 675 2403 titulos
689 2350 814 2412 virtutis,
835 2349 865 2402 in
880 2350 945 2421 qui·
1009 2391 1010 2394 η

141 2418 195 2474 bus
204 2421 229 2473 si
238 2420 374 2485 sollicitus
384 2420 477 2487 fuerit,
488 2422 544 2487 iam
555 2431 683 2494 quartum
691 2423 809 2494 requirit
818 2424 944 2489 titulum,

140 2510 191 2565 pro
205 2494 249 2550 his
264 2512 335 2567 quae
350 2495 501 2562 desiderat,
523 2505 550 2558 et
563 2496 696 2553 derelicta
705 2498 778 2553 valle
788 2514 852 2552 cum
862 2499 946 2554 trini-

141 2576 195 2623 tate
206 2578 352 2641 puteorum
362 2571 503 2645 egreditur
512 2569 735 2642 expeditissime,
754 2581 901 2643 separatus
911 2572 946 2627 ub

141 2642 244 2709 insidia
255 2654 282 2701 et
293 2645 483 2721 ambiguitate.
515 2646 619 2701 Revera
630 2648 705 2702 enim
713 2647 871 2704 offendebat
880 2665 946 2705 cru-
