2050 3100
176 152 225 205 332
298 155 395 201 PHIL.
417 153 490 199 IUD.
510 149 672 209 Quaeso.
690 152 740 197 ET
759 152 839 197 SOL.
861 147 974 214 [latet]

175 258 218 311 vis
233 255 403 327 apprehensa
417 253 599 307 oonvinoitnr.
637 250 681 305 Ad
695 260 815 307 mentem
825 269 890 307 vero
900 252 975 309 duae

175 337 238 393 sunt
248 330 379 391 rationes,
391 328 494 399 quibus
505 326 680 381 divinitatem
689 325 971 385 homineshonorant:

176 421 265 461 amoro
274 412 301 459 et
310 405 417 458 timore.
447 404 546 457 Amore
556 410 647 456 antem
655 408 697 455 est
706 401 826 466 tardius,
838 403 867 457 in
878 405 974 459 senio-

174 479 251 535 ribus
262 478 353 533 locum
363 476 481 545 habens3
503 474 813 547 timerenenofitprius.
835 478 896 531 Non
906 496 973 551 ergo

173 554 292 609 inaniter
300 552 407 607 dictum
416 561 458 607 eat
468 568 639 619 praetore-ore
649 555 777 615 timorem,
798 568 886 622 quum
896 570 975 608 amor

173 629 306 701 posterior
316 629 353 683 sit
363 636 390 682 at
398 644 458 681 sero
469 626 635 697 acquiratur.
666 624 892 681 Nefortetimore
901 645 973 699 quo-

173 720 228 775 quo
238 704 274 757 sit
283 702 500 775 iuredignaqu'e.
539 700 618 755 Siout
627 699 702 755 enim
711 701 872 772 insipientia
881 703 972 758 minor

173 778 320 850 prudentia
330 785 370 833 est
379 785 458 841 natu,
480 776 521 830 sio
531 783 562 851 et
571 776 766 843 timoramore3
789 778 922 847 qnoniam
936 779 972 833 ti-

174 870 231 907 mor
241 852 362 907 nascitur
372 853 401 907 in
410 858 578 922 contempto,
591 866 666 905 amor
676 850 780 906 veroin
790 850 904 907 homino
914 855 972 907 vir-

173 937 230 983 tuto
240 938 343 983 ornato.

224 1084 288 1144 Quid
304 1096 338 1135 eet
355 1122 372 1149 ,‚
383 1083 529 1148 Temfioobo
545 1091 641 1147 stupore
657 1098 735 1132 omnes
752 1083 856 1133 ethnicos
873 1086 928 1149 (ool

314 1154 423 1219 yantas),
445 1152 479 1201 od
495 1168 553 1215 quos
569 1150 748 1215 inqredt'ensst
766 1152 825 1215 (ib.)

229 1278 272 1331 22.
305 1274 510 1343 Terrt'fiootorem
528 1287 581 1325 eoae
600 1267 634 1323 ad
654 1269 772 1323 litteram
785 1286 836 1342 par
850 1278 893 1325 ast
907 1288 970 1325 oum

173 1351 238 1405 hoo:
272 1350 378 1403 Terrore
392 1350 506 1416 officiam
525 1349 636 1407 timoris,
653 1340 690 1417 Γ]
705 1344 780 1416 qnod
799 1344 872 1399 dixit
891 1347 970 1417 prius

173 1427 280 1479 mittere
295 1438 378 1492 super
391 1420 561 1476 adversarios
576 1419 610 1474 ad
629 1418 839 1475 dissolutionem
857 1422 969 1476 virtutis

173 1514 280 1560 eorum;
312 1512 376 1551 nam
389 1496 470 1551 timor
485 1494 636 1551 debilitatis
652 1510 734 1550 eausa
750 1503 801 1550 est.
841 1494 969 1551 Secundo

172 1574 302 1628 virtutem
324 1571 442 1644 amplam
461 1570 571 1625 videtur
591 1570 694 1625 notioni
713 1570 868 1636 testificari,
894 1571 969 1644 quod

172 1663 226 1702 non
236 1661 300 1701 suos
310 1652 429 1709 tantum,
442 1645 492 1699 sed
503 1645 584 1700 etiam
594 1646 723 1700 inimicos
733 1653 887 1701 convertat:
914 1649 969 1702 ini·

171 1723 257 1776 mioos
278 1728 368 1775 autem
385 1719 447 1774 dico
467 1736 522 1774 non
540 1718 630 1774 solum
648 1719 722 1775 bello
735 1738 845 1792 operam
859 1721 966 1786 dantes,

171 1814 267 1852 verum
284 1796 366 1850 etiam
380 1792 570 1850 heterodoxos.
609 1794 652 1850 Ad
665 1805 785 1850 mentem
800 1813 866 1852 varo
880 1798 911 1852 id
925 1798 969 1852 di-

171 1871 302 1927 cendum:
340 1868 454 1936 Quando
473 1878 613 1940 tamquam
631 1871 661 1924 in
681 1877 780 1926 terram
799 1875 829 1926 in
848 1874 967 1927 animam

171 1946 341 2020 ingredietur
362 1944 509 2016 prudentia
529 1951 624 2001 acutae
643 1946 820 2018 videntisqua
842 1957 964 2011 naturae,

170 2035 468 2094 omnesquaeonmque
483 2021 512 2075 in
527 2037 559 2075 ea
572 2027 636 2074 sunt
653 2021 779 2080 ethnicae
798 2023 874 2098 leges
892 2025 968 2081 insa·

171 2099 250 2152 niunt
261 2114 292 2152 ao
302 2094 437 2152 ferociunt
446 2104 528 2169 atque
543 2113 558 2150 a
573 2094 719 2172 condignis
734 2100 888 2173 cogitandis
903 2101 965 2156 abs-

171 2171 284 2241 cedunt¹
300 2172 462 2247 nequientes
472 2171 597 2232 habitare
607 2183 635 2230 et
644 2183 715 2230 stare
725 2191 788 2230 oum
799 2175 880 2230 bonis
889 2176 967 2231 mali.

241 2341 351 2402 Quietae
368 2342 463 2407 „Dodo
480 2342 585 2393 inimico·
603 2350 654 2390 tuos
664 2341 822 2406 sooitioos“t
839 2343 901 2408 (nb.)

225 2468 268 2522 23.
289 2463 380 2519 Refert
389 2460 547 2516 evidentius
558 2475 590 2515 ao
600 2459 707 2516 firmius
716 2460 871 2532 praedicta3
903 2476 966 2516 nom

171 2540 219 2607 qui
229 2543 436 2610 supervenerat,
454 2533 643 2591 initiumfaoit
655 2534 747 2608 fugae,
785 2536 889 2591 Littera
899 2535 966 2591 haee

170 2620 220 2665 est.
259 2612 301 2668 Ad
315 2620 434 2668 mentem
448 2628 513 2667 vero
528 2611 603 2684 leges
617 2617 708 2680 gratas
722 2612 865 2674 enunciat,
886 2612 965 2684 igno-

169 2693 210 2738 tas
219 2689 327 2755 pueris,
343 2689 403 2762 ipso
413 2689 553 2744 oonsoius:
583 2684 714 2755 quoniam
726 2686 816 2740 omnis
830 2687 963 2757 insipiens
