2050 3100
182 227 229 281 tto
405 234 588 282 rnruours
605 233 746 282 runaut
879 233 975 300 [r‚ru.]

181 340 207 388 et
220 333 385 406 cuicumque
394 351 486 392 curam
498 334 661 390 adhibemus
670 334 837 407 diligenter,
851 338 903 394 hic
910 348 974 411 optat

181 425 275 479 parem
284 409 396 465 utilitati
406 417 530 482 acceptae
539 410 640 465 referre
650 411 885 483 recognitionem.

236 537 279 588 hl.
299 534 479 606 Aequalitatis
489 551 554 607 ergo
562 543 590 590 et
599 536 722 591 iustitiae
735 548 907 607 argumenta
919 549 974 593 sunt

181 624 292 679 magna,
313 609 387 678 quod
396 607 492 662 eadem
501 618 528 664 et
539 611 597 681 ipsa
607 610 737 664 animalia
745 619 907 681 praestant,
928 615 973 667 imo
1008 630 1010 637 ·

179 683 281 736 maiora
299 697 382 751 quam
401 682 536 737 homines.
579 684 689 739 Etenim
705 685 853 756 principes
880 690 973 742 consti·

179 762 260 810 tuunt
273 762 300 808 et
313 755 437 821 ordines,
459 757 563 828 quibus
573 759 681 813 statutis
690 759 767 813 nulla
776 767 820 813 est
830 763 973 834 negligen-

179 830 230 897 tia;
261 837 288 884 et
302 830 397 886 electis
413 849 428 885 a
442 849 473 886 se
487 833 661 904 principibus
670 834 746 888 omui
755 833 973 891 obedientiaoh

178 911 341 976 sequuntur.
381 906 476 962 Fidem
490 907 607 977 probant
622 907 758 963 dictorum
777 916 888 964 certam
906 911 973 965 oculi

179 980 244 1051 ipsi.
284 982 388 1036 Taurus
401 982 475 1036 euim
486 983 615 1045 armenti,
630 991 658 1036 et
666 982 760 1037 hircus
769 999 938 1053 caprarum,
952 993 974 1039 et

180 1056 250 1111 aries
264 1057 357 1129 gregis
372 1055 430 1110 dux
443 1064 497 1119 est,
518 1065 600 1126 atqua
612 1057 642 1110 in
652 1057 802 1129 agrestium
810 1066 897 1114 coetu
905 1077 974 1114 unus
1008 1126 1009 1129 Ἴ

179 1129 660 1204 exregialerelamiliapraepositus
672 1132 793 1195 exsistit,
815 1148 904 1202 quem
919 1152 974 1188 ma-
1008 1142 1010 1213 j

179 1223 233 1279 gna
252 1205 393 1277 multaque
412 1205 541 1260 animalia
554 1214 721 1275 sequuntur,
744 1205 821 1277 quod
835 1207 974 1264 divinitus

178 1281 344 1353 impressum
360 1298 420 1334 esse
433 1280 570 1335 convenit.

235 1409 278 1462 65.
302 1407 332 1460 ln
347 1407 472 1462 examino
487 1422 571 1476 apum
585 1413 661 1460 extra
671 1403 787 1459 dubium
796 1408 975 1463 constituitur

179 1497 241 1544 rex,
272 1498 354 1553 quem
377 1482 579 1554 dispensatione
596 1478 796 1552 praesidentiae
813 1482 975 1551 praeditum

177 1564 307 1611 verentur
324 1574 418 1613 omnes
436 1565 463 1613 et
481 1557 689 1633 pertimescam,
713 1563 740 1609 et
753 1556 914 1625 puniuntur
929 1560 976 1630 qui

176 1628 230 1683 sub
241 1646 272 1683 eo
282 1640 347 1686 sunt
357 1632 474 1687 ministri
484 1648 588 1685 omues.
623 1628 734 1695 Quodsi
746 1629 883 1685 adauctus
893 1632 977 1687 fuerit

176 1719 307 1758 numerus
318 1707 452 1761 examinis
463 1706 618 1772 arcessire,
632 1704 865 1776 populosissimas
876 1708 977 1762 cirita-

177 1778 212 1832 tis
222 1776 308 1833 instar
318 1780 347 1834 in
358 1782 491 1835 coloniam
502 1781 571 1835 alias
579 1778 763 1834 tranferuntur
773 1779 852 1833 velut
869 1780 977 1836 familia

175 1852 296 1923 propria.
335 1853 385 1908 Sin
399 1862 490 1909 autom
504 1855 561 1917 illi,
581 1855 630 1925 qui
644 1854 829 1924 principatum
839 1871 977 1929 suscepe-

175 1935 252 1990 runt,
264 1937 399 1998 nequeant
409 1946 488 2001 agere
498 1930 621 1985 officium
629 1928 827 1999 praesidentis,
845 1945 884 1983 ex
896 1948 978 1985 anar-

177 2000 237 2055 chia
253 2002 297 2057 vel
312 2020 347 2057 ex
359 2004 518 2077 polyarchia
532 2020 679 2059 concussae
692 2003 906 2073 destructaeque
916 2006 977 2059 dis-

176 2085 336 2149 perguntur.
365 2076 400 2153 [¹¹⁶]
421 2081 490 2134 Ecce
510 2080 583 2133 enim
604 2087 631 2132 et
649 2076 857 2132 multitudinem
878 2081 977 2135 avium

176 2150 236 2207 vidi
260 2155 393 2226 gregatim
412 2155 562 2217 volantem,
596 2153 763 2224 quibusdam
779 2154 979 2222 praecedenti·

176 2226 242 2292 bus,
259 2230 321 2283 aliis
332 2229 594 2300 postsequentibus3
625 2242 739 2282 necnon
749 2228 778 2281 in
788 2225 902 2293 lluviis,
918 2241 979 2285 sta·

175 2304 237 2373 gnis
248 2311 274 2357 et
284 2305 404 2359 maribus
415 2312 506 2359 coetus
515 2304 635 2373 piscium
644 2311 783 2373 tamquam
791 2302 872 2357 rivus
882 2315 978 2359 rectus

175 2377 204 2429 in
219 2394 273 2433 una
290 2380 362 2434 linea
375 2378 553 2450 protrahitur,
576 2379 712 2431 exercitus
723 2378 808 2431 instar
817 2394 870 2447 per
882 2379 979 2452 longi·
1008 2446 1010 2452 Ι

174 2450 299 2505 tudinem
314 2455 420 2507 extensi
435 2470 450 2506 a
463 2451 610 2523 praelectis
623 2452 763 2523 legionum
772 2452 978 2526 magistrisque
1008 2455 1010 2522 ξ

173 2524 298 2581 militias.
337 2528 392 2581 lloc
409 2528 489 2581 modo
507 2527 637 2597 politicae
655 2527 767 2581 virtutis
787 2527 979 2584 animantium

172 2610 271 2663 genera
291 2599 392 2654 hahent
410 2600 660 2671 participationem
696 2603 808 2673 iamque
826 2609 979 2657 ostensum

172 2674 225 2727 est,
247 2672 322 2739 quod
337 2673 539 2743 dispensatione
552 2674 683 2744 gaudent.
723 2675 798 2741 Quae
810 2685 878 2731 sunt
888 2694 981 2749 argar-

171 2748 260 2795 mento
270 2746 380 2797 moralis
391 2748 554 2819 disciplinae
563 2747 801 2818 etprovideutiae.
