2050 3100
66 246 114 313 [IL
127 243 189 310 etc]
244 247 285 293 IN
304 247 489 294 (tunnam.
508 247 638 293 SERMO
657 248 703 296 lv!
826 243 874 296 495

105 389 157 441 Cur
174 389 223 439 ait:
252 385 321 451 „Da
338 387 396 438 miti
409 397 507 452 quatere
525 386 555 436 de
572 389 676 437 coctione
693 389 767 438 rubeo
784 389 838 452 iota,

247 455 305 520 patio
322 453 446 504 derelictae
463 457 555 504 eum“t
572 461 626 520 (25,
645 456 701 520 ³⁰.)

127 559 187 613 ⁴7⁰.
214 557 297 612 vitiis
312 555 406 610 dedita
421 557 579 628 ignavaque
593 557 701 612 indoles
715 557 815 614 fatetur
830 575 875 612 sa-

65 633 194 706 pientiae
209 648 241 686 ac
255 631 420 702 prudentiae
434 629 536 686 famem
550 649 605 686 una
619 649 683 688 cum
696 629 876 691 derelictione

65 708 149 764 totali
168 708 283 762 virtutis
302 708 460 778 ingeniare,
482 716 564 778 atque
577 707 694 778 proinde
707 707 819 762 festinat
836 701 874 782 [Ἴ

65 791 184 856 gustare
194 799 230 836 ex
239 782 302 853 ipso
312 782 390 844 vitio,
403 798 457 836 non
467 782 560 837 minus
571 781 601 836 id
610 790 710 854 putans
721 798 876 853 essequam

66 859 203 912 virtutem
219 873 312 920 suam,
334 853 384 910 sed
395 864 628 927 contemperatum
639 858 875 927 commixtumque

66 941 94 987 et
108 930 290 1004 propendente
300 929 335 984 ad
344 937 453 1004 gratum
467 931 595 985 colorem.
635 932 719 987 Vocat
732 940 825 986 autem
839 929 875 985 il·

66 1007 117 1062 lud
133 1011 225 1075 rutum
239 1005 312 1059 sicut
325 1021 488 1077 germanum
503 1014 531 1060 et
545 1005 636 1060 simile
651 1007 719 1060 vitio
734 1023 784 1061 suo
798 1003 876 1060 adie-

67 1091 126 1137 cto:
154 1080 222 1151 quia
237 1080 370 1134 maiorem
384 1079 469 1133 hahet
481 1081 617 1151 impetum
631 1079 692 1134 rufa
704 1088 785 1150 atque
795 1079 875 1134 ruhi·

66 1155 162 1212 cunda
174 1153 331 1226 cupiditas,
354 1161 401 1208 aut
413 1155 481 1225 quia
494 1161 601 1225 oportet
615 1169 675 1216 eos,
696 1155 746 1224 qui
761 1155 791 1207 in
805 1154 874 1208 vitio

67 1239 149 1295 sunt,
161 1227 340 1292 erubescere,
352 1229 518 1301 quippequi
527 1244 571 1283 res
579 1226 725 1299 pudendas
733 1235 874 1298 tamquam

66 1305 204 1378 pulchras
217 1311 394 1359 venerantur.

153 1445 210 1497 Cur
221 1454 334 1496 vocatum
350 1453 385 1494 eet
401 1459 484 1494 nm
499 1445 552 1494 eiua
568 1441 714 1506 „Edon‘w
731 1443 791 1505 (ib.)

128 1551 187 1604 ΠΙ.
209 1545 270 1606 Vox
280 1543 361 1603 Edam
373 1545 496 1603 traducta
509 1547 541 1601 in
554 1544 681 1621 finguam
690 1543 814 1602 Latinam
829 1545 874 1601 di-

166 1820 250 1879 Qtffl
268 1820 342 1871 δίκε
368 1819 519 1885 „Getam
535 1821 566 1871 de
582 1822 629 1871 huc
645 1824 783 1872 cocm“t

126 1938 187 1992 tto.
208 1934 279 2003 Quia
290 1932 421 2001 deiectio,
439 1929 472 1990 id
487 1944 530 1991 eet
540 1944 643 1992 amator
652 1937 783 1993 vitiorum
794 1939 874 2011 etin·

67 2014 243 2075 ertissimus,
264 2012 357 2067 atatim
376 2010 520 2066 confitetur
535 2012 654 2066 esuriem
668 2011 832 2085 prudentiae
846 2020 874 2068 et

67 2087 295 2143 extenuationem
312 2086 434 2151 virtutis,
455 2087 537 2141 cuius
556 2088 644 2158 gratia
663 2086 810 2159 degustare
829 2088 874 2142 vi-

67 2163 139 2217 tium
149 2160 228 2219 Aeva
239 2159 363 2227 festinat,
382 2177 438 2233 qua
448 2169 503 2216 tam
514 2178 575 2215 esse
583 2168 722 2215 coctorum
733 2160 874 2217 fortitudi-

68 2254 132 2291 nem
153 2253 205 2308 pro
224 2234 365 2290 illecebris
379 2236 525 2291 suavitatis
538 2234 635 2289 allecta
647 2233 741 2305 (mory.
757 2234 873 2308 adiecta)

68 2310 219 2368 conditura
226 2327 276 2381 pm
283 2310 375 2367 colora
384 2311 537 2383 sanguineo
547 2317 575 2364 et
583 2308 716 2364 familiari
729 2312 871 2366 uitiorum.

68 2384 188 2457 Semper
201 2382 276 2443 enim
341 2384 410 2441 sivis
419 2382 546 2455 sequitur
555 2382 694 2449 confusio,
707 2385 874 2441 crubescen-

69 2460 145 2515 tibus
157 2458 214 2525 eia,
230 2476 285 2532 quo
314 2460 434 2531 pessima
443 2456 526 2515 bonis
536 2467 691 2531 anteponat.

71 2596 154 2656 Quare
171 2608 283 2649 vocatum
301 2609 336 2650 eat
353 2616 434 2651 nomen
452 2598 503 2649 eiua
521 2596 659 2665 „Etiotn“,
689 2598 755 2663 quod
772 2597 873 2648 transto-

146 2676 196 2717 tum
217 2664 310 2717 Graece
327 2668 414 2718 dicitur
430 2666 548 2717 rutilum
566 2666 615 2716 eice
636 2668 798 2716 terrenum?

128 2771 189 2827 ttt.
211 2770 357 2843 Propriam
367 2752 535 2827 vocabulum
550 2765 688 2889 luxugigei
700 2764 799 2827 moris,
819 2766 874 2818 mi-
