2050 3100
553 44 559 70 i

197 179 230 234 22
425 181 609 228 unisonus
628 181 766 228 mnam
908 177 998 245 [1,n.]

197 301 284 341 unum
302 298 402 354 corpus
422 291 463 337 est
483 300 498 336 e
513 281 609 337 multis
625 282 751 354 partibus
766 299 781 338 a
795 281 848 338 deo
861 286 999 355 composi-

197 366 294 415 tum.“
333 359 390 412 Nec
404 365 540 422 timemur
555 358 602 412 alii
618 357 732 428 quidam
747 359 921 430 sapientum,
942 361 999 414 ani-

196 435 251 490 mai
262 450 323 488 esse
333 431 455 487 muudus
464 431 619 488 censendus
631 442 685 498 cst,
707 432 756 488 sed
770 432 919 490 artificiose
933 451 1000 506 qua-

197 509 260 566 dam
273 509 413 563 harmonia
422 517 591 580 compactus.

202 614 205 618 ’
253 622 297 675 23.
323 618 424 672 Verum
443 618 518 671 enim
537 633 603 671 vero
622 618 769 672 creationis
788 618 850 672 eius
868 617 999 690 pulchras

198 709 339 749 asseruere
352 708 464 746 causas:
495 709 596 764 nempe
610 691 707 756 deum,
729 709 824 762 aquo,
843 695 997 756 materiam,

197 785 304 837 ecquo,
314 763 542 831 instrumentum,
552 785 601 835 per
611 771 686 836 quod.
721 767 943 840 Instrumentum
954 787 999 824 au·

196 852 251 897 tem
261 841 307 897 dei
318 850 359 896 est
367 841 499 897 Verbum.
538 845 578 896 Ad
591 845 654 911 quid
669 841 807 912 denique?
830 849 862 896 ut
871 843 909 897 sit
918 861 999 916 argu·

197 924 319 971 mentum
329 915 439 988 (i.e.ut
448 934 478 970 se
488 915 557 971 deus
567 915 773 990 manifestaret).
805 915 998 974 Creaturarum

196 1009 261 1063 ergo
270 1008 352 1046 causa
361 999 403 1046 est
412 990 495 1067 deus,
516 1001 547 1046 ut
561 999 678 1059 creator3
710 993 898 1063 corruptionis
909 1003 998 1050 autem

195 1067 280 1134 (idem
294 1065 387 1138 deus).
408 1075 439 1121 ut
453 1065 549 1122 iudex.

251 1179 294 1229 ii.
314 1173 393 1241 Quod
406 1191 472 1229 vero
486 1175 586 1230 habeat
599 1185 703 1230 creator
717 1182 841 1230 naturam
851 1176 999 1246 providam

196 1250 377 1320 creandisque
387 1250 471 1304 rebus
481 1258 571 1323 aptam
582 1253 612 1304 vi
622 1250 773 1323 sapientiae
783 1267 865 1315 suae,
879 1251 910 1306 id
922 1254 999 1308 solli-

195 1328 249 1380 cite
259 1325 415 1396 disquirere
427 1339 602 1396 nequaquam
617 1342 729 1380 necesse
744 1333 795 1379 est.
834 1326 907 1380 Nam
925 1345 998 1383 cren·

195 1410 272 1455 turae
286 1401 363 1472 ipsae
369 1398 527 1469 effectrices
542 1408 569 1455 et
586 1399 685 1454 mundi
703 1408 795 1472 partes
814 1403 999 1471 sapientiores

195 1484 277 1544 atque
292 1475 445 1546 particulae
458 1477 526 1530 satis
541 1475 621 1530 nobis
638 1477 790 1530 insinuant.
806 1501 812 1510 ·
830 1475 887 1530 Ubi
908 1485 999 1534 tamen

193 1551 295 1604 intueri
305 1551 535 1615 rursusvelimus,
547 1568 602 1623 qua
612 1553 716 1606 ratione
726 1567 913 1623 unaquaeque
924 1572 999 1609 cree-

193 1632 317 1678 turarum
327 1626 521 1697 perfectarum,
535 1627 677 1697 asapienti
686 1625 1001 1699 providentiaatqueef-

194 1698 272 1752 ticaoi
282 1700 466 1774 intelligentia
478 1700 620 1772 procedat,
643 1717 778 1772 quaenam
793 1710 835 1756 est
848 1719 887 1759 ex
900 1704 1000 1759 mundi

174 1774 333 1845 partibus,
363 1794 435 1847 quas
460 1793 514 1831 non
535 1785 581 1831 aut
599 1777 734 1848 sapientia
754 1785 801 1832 aut
819 1777 1002 1848 providentia

192 1847 317 1919 praedita
335 1850 385 1903 sit!

248 1960 292 2014 25.
315 1956 351 2035 [Ἴ
362 1960 433 2015 Eum
442 1962 549 2031 itaque,
561 1960 610 2031 qui
621 1961 758 2015 universis
770 1961 892 2017 maxime
903 1980 1001 2019 curam

192 2033 343 2105 impendit,
374 2034 522 2108 providum
542 2034 678 2090 dicamus.
723 2036 852 2092 Providet
873 2040 957 2093 enim
978 2050 1003 2093 et

192 2108 275 2165 homo
285 2109 362 2176 filiis,
374 2120 401 2166 et
412 2111 592 2166 armentarius
602 2110 759 2182 pecoribus,
772 2119 798 2175 et
809 2128 894 2184 agaso
905 2117 1001 2186 equis,

193 2193 220 2239 ct
229 2186 308 2259 gregi
319 2195 423 2258 pastor,
439 2186 585 2240 nauclerus
595 2187 674 2249 navi,
687 2194 713 2241 et
723 2184 840 2240 infirmis
851 2186 1000 2244 medicus:

192 2259 255 2331 ipsa
273 2278 384 2332 quoque
402 2261 463 2332 apis
483 2262 594 2332 sapiens
608 2268 640 2315 -et
662 2259 775 2316 formica
801 2262 922 2332 provida
950 2272 1001 2318 est.

191 2335 264 2391 Haeo
284 2344 376 2389 autem
394 2342 485 2406 partes
505 2344 570 2389 suut
590 2344 616 2390 et
628 2336 780 2408 particulae
794 2336 919 2408 partium
935 2339 1003 2393 uni-

192 2426 348 2474 versorum,
369 2419 460 2480 partes
470 2417 561 2463 tamen
572 2412 709 2482 sapientes
725 2418 751 2465 et
766 2410 887 2485 provide
900 2428 1001 2467 curam

192 2481 335 2537 habentes.
375 2484 461 2537 Cuius
471 2485 564 2553 itaque
574 2501 637 2555 pars
648 2480 759 2556 sapiens
770 2494 811 2539 est
821 2502 853 2539 ac
863 2488 998 2556 provida,

191 2570 282 2607 nonne
292 2566 320 2609 et
328 2564 414 2610 totum
425 2558 536 2625 sapiens
547 2556 616 2612 erit?
635 2559 720 2629 Atqui
729 2557 798 2613 haec
807 2561 911 2629 omnia,
925 2578 1001 2632 qnae

191 2629 395 2692 recensuimus,
415 2628 519 2683 habent
536 2632 706 2702 principium
726 2634 887 2687 creationis:
919 2634 1000 2705 quod

190 2710 256 2748 vcro
271 2698 354 2753 habet
366 2702 550 2772 principium,
568 2706 685 2775 incepit:
715 2715 742 2761 et
755 2708 830 2779 quod
841 2710 968 2780 incepit,
987 2727 1000 2762 a
