<?xml version="1.0" encoding="UTF-8"?>
<!DOCTYPE html PUBLIC "-//W3C//DTD XHTML 1.0 Transitional//EN"
    "http://www.w3.org/TR/xhtml1/DTD/xhtml1-transitional.dtd">
<html xmlns="http://www.w3.org/1999/xhtml" xml:lang="en" lang="en">
 <head>
  <title>
</title>
<meta http-equiv="Content-Type" content="text/html;charset=utf-8" />
  <meta name='ocr-system' content='tesseract 3.04.00' />
  <meta name='ocr-capabilities' content='ocr_page ocr_carea ocr_par ocr_line ocrx_word'/>
</head>
<body>
  <div class='ocr_page' id='page_1' title='image "./operaomniaadlib02philgoog/operaomniaadlib02philgoog_0166.png"; bbox 0 0 2050 3100; ppageno 0'>
   <div class='ocr_carea' id='block_1_1' title="bbox 3 209 864 276">
    <p class='ocr_par' dir='ltr' id='par_1_1' title="bbox 3 209 864 276">
     <span class='ocr_line' id='line_1_1' title="bbox 3 209 864 276; baseline 0.001 -15"><span class='ocrx_word' id='word_1_1' title='bbox 3 210 4 213; x_wconf 29' lang='lat'>¹</span> <span class='ocrx_word' id='word_1_2' title='bbox 68 210 107 276; x_wconf 75' lang='lat'>[11.</span> <span class='ocrx_word' id='word_1_3' title='bbox 119 209 178 276; x_wconf 59' lang='lat' dir='ltr'><strong>iii]</strong></span> <span class='ocrx_word' id='word_1_4' title='bbox 250 217 290 261; x_wconf 89' lang='lat' dir='ltr'><strong>IN</strong></span> <span class='ocrx_word' id='word_1_5' title='bbox 310 216 486 262; x_wconf 82' lang='lat' dir='ltr'>GENESIN.</span> <span class='ocrx_word' id='word_1_6' title='bbox 510 216 638 261; x_wconf 71' lang='lat' dir='ltr'><strong>SERMO</strong></span> <span class='ocrx_word' id='word_1_7' title='bbox 657 216 701 264; x_wconf 75' lang='lat' dir='ltr'><strong>lu.</strong></span> <span class='ocrx_word' id='word_1_8' title='bbox 822 212 864 264; x_wconf 68' lang='grc'><strong>454</strong></span> 
     </span>
    </p>
   </div>
   <div class='ocr_carea' id='block_1_2' title="bbox 3 314 869 819">
    <p class='ocr_par' dir='ltr' id='par_1_2' title="bbox 3 314 869 819">
     <span class='ocr_line' id='line_1_2' title="bbox 67 314 869 387; baseline 0.001 -16"><span class='ocrx_word' id='word_1_9' title='bbox 67 334 114 387; x_wconf 71' lang='grc' dir='ltr'><strong>ρετ</strong></span> <span class='ocrx_word' id='word_1_10' title='bbox 128 333 157 370; x_wconf 89' lang='lat' dir='ltr'><strong>se</strong></span> <span class='ocrx_word' id='word_1_11' title='bbox 173 314 266 370; x_wconf 91' lang='lat' dir='ltr'><strong>solum</strong></span> <span class='ocrx_word' id='word_1_12' title='bbox 281 316 342 369; x_wconf 87' lang='lat' dir='ltr'><strong>sinc</strong></span> <span class='ocrx_word' id='word_1_13' title='bbox 353 314 409 369; x_wconf 93' lang='lat' dir='ltr'><strong>ullo</strong></span> <span class='ocrx_word' id='word_1_14' title='bbox 424 316 478 370; x_wconf 88' lang='lat' dir='ltr'><strong>alio</strong></span> <span class='ocrx_word' id='word_1_15' title='bbox 490 323 628 380; x_wconf 86' lang='lat' dir='ltr'><strong>movetur,</strong></span> <span class='ocrx_word' id='word_1_16' title='bbox 650 315 685 370; x_wconf 90' lang='lat' dir='ltr'><strong>ab</strong></span> <span class='ocrx_word' id='word_1_17' title='bbox 695 317 869 372; x_wconf 85' lang='lat' dir='ltr'><strong>intellectua-</strong></span> 
     </span>
     <span class='ocr_line' id='line_1_3' title="bbox 3 388 868 462; baseline 0.003 -17"><span class='ocrx_word' id='word_1_18' title='bbox 3 400 4 433; x_wconf 74' lang='grc' dir='ltr'><em>ῑ</em></span> <span class='ocrx_word' id='word_1_19' title='bbox 69 391 140 445; x_wconf 92' lang='lat' dir='ltr'><strong>libus</strong></span> <span class='ocrx_word' id='word_1_20' title='bbox 150 406 202 461; x_wconf 85' lang='lat' dir='ltr'><strong>par</strong></span> <span class='ocrx_word' id='word_1_21' title='bbox 212 406 242 444; x_wconf 87' lang='lat' dir='ltr'><strong>sc</strong></span> <span class='ocrx_word' id='word_1_22' title='bbox 254 388 361 454; x_wconf 81' lang='lat' dir='ltr'><strong>adiuta,</strong></span> <span class='ocrx_word' id='word_1_23' title='bbox 383 407 466 461; x_wconf 89' lang='lat' dir='ltr'><strong>quam</strong></span> <span class='ocrx_word' id='word_1_24' title='bbox 479 398 647 445; x_wconf 86' lang='lat' dir='ltr'><strong>caeterorum</strong></span> <span class='ocrx_word' id='word_1_25' title='bbox 657 407 768 462; x_wconf 89' lang='lat' dir='ltr'><strong><em>quoque</em></strong></span> <span class='ocrx_word' id='word_1_26' title='bbox 779 402 868 448; x_wconf 88' lang='lat' dir='ltr'><strong>motus</strong></span> 
     </span>
     <span class='ocr_line' id='line_1_4' title="bbox 66 463 866 537; baseline -0.003 -17"><span class='ocrx_word' id='word_1_27' title='bbox 66 463 208 528; x_wconf 70' lang='lat' dir='ltr'><strong>causant,</strong></span> <span class='ocrx_word' id='word_1_28' title='bbox 235 465 360 537; x_wconf 76' lang='lat' dir='ltr'><strong>vigorem</strong></span> <span class='ocrx_word' id='word_1_29' title='bbox 375 464 509 519; x_wconf 77' lang='lat' dir='ltr'>exhibens</span> <span class='ocrx_word' id='word_1_30' title='bbox 524 474 664 536; x_wconf 69' lang='lat' dir='ltr'><strong><em>umquam</em></strong></span> <span class='ocrx_word' id='word_1_31' title='bbox 679 465 738 520; x_wconf 79' lang='lat' dir='ltr'><strong>dux</strong></span> <span class='ocrx_word' id='word_1_32' title='bbox 751 466 866 521; x_wconf 80' lang='lat' dir='ltr'><strong>cohorti.</strong></span> 
     </span>
     <span class='ocr_line' id='line_1_5' title="bbox 67 538 868 603; baseline 0.001 -8"><span class='ocrx_word' id='word_1_33' title='bbox 67 539 171 596; x_wconf 81' lang='lat' dir='ltr'>Sensus</span> <span class='ocrx_word' id='word_1_34' title='bbox 181 546 285 603; x_wconf 84' lang='lat' dir='ltr'><strong><em>autem,</em></strong></span> <span class='ocrx_word' id='word_1_35' title='bbox 300 547 331 593; x_wconf 95' lang='lat' dir='ltr'><strong><em>ut</em></strong></span> <span class='ocrx_word' id='word_1_36' title='bbox 340 538 410 603; x_wconf 83' lang='lat' dir='ltr'>dixi,</span> <span class='ocrx_word' id='word_1_37' title='bbox 423 539 458 593; x_wconf 86' lang='lat' dir='ltr'><strong>ab</strong></span> <span class='ocrx_word' id='word_1_38' title='bbox 468 540 594 593; x_wconf 76' lang='lat' dir='ltr'><strong>rationali</strong></span> <span class='ocrx_word' id='word_1_39' title='bbox 605 549 749 595; x_wconf 85' lang='lat' dir='ltr'><strong>moventur</strong></span> <span class='ocrx_word' id='word_1_40' title='bbox 758 540 794 596; x_wconf 81' lang='lat' dir='ltr'><strong>ad</strong></span> <span class='ocrx_word' id='word_1_41' title='bbox 804 558 868 596; x_wconf 84' lang='lat' dir='ltr'><strong>sen-</strong></span> 
     </span>
     <span class='ocr_line' id='line_1_6' title="bbox 67 614 867 686; baseline 0 -17"><span class='ocrx_word' id='word_1_42' title='bbox 67 614 193 670; x_wconf 82' lang='lat' dir='ltr'><strong>tiendum</strong></span> <span class='ocrx_word' id='word_1_43' title='bbox 207 621 402 685; x_wconf 77' lang='lat' dir='ltr'><strong>praestentque</strong></span> <span class='ocrx_word' id='word_1_44' title='bbox 416 615 523 685; x_wconf 77' lang='lat' dir='ltr'>corpori</span> <span class='ocrx_word' id='word_1_45' title='bbox 539 622 566 668; x_wconf 88' lang='lat' dir='ltr'><strong>at</strong></span> <span class='ocrx_word' id='word_1_46' title='bbox 580 614 706 685; x_wconf 86' lang='lat' dir='ltr'><strong>partibus</strong></span> <span class='ocrx_word' id='word_1_47' title='bbox 718 617 867 686; x_wconf 86' lang='lat' dir='ltr'><strong>operativis</strong></span> 
     </span>
     <span class='ocr_line' id='line_1_7' title="bbox 67 685 868 818; baseline 0 -74"><span class='ocrx_word' id='word_1_48' title='bbox 67 690 143 818; x_wconf 44' lang='lat' dir='ltr'><strong>{alut</strong></span> <span class='ocrx_word' id='word_1_49' title='bbox 158 688 277 744; x_wconf 88' lang='lat' dir='ltr'><strong>vocibus</strong></span> <span class='ocrx_word' id='word_1_50' title='bbox 289 687 354 744; x_wconf 83' lang='lat' dir='ltr'><strong>ferri</strong></span> <span class='ocrx_word' id='word_1_51' title='bbox 366 689 400 744; x_wconf 86' lang='lat' dir='ltr'><strong>ad</strong></span> <span class='ocrx_word' id='word_1_52' title='bbox 411 688 550 745; x_wconf 76' lang='lat' dir='ltr'>naturales</span> <span class='ocrx_word' id='word_1_53' title='bbox 560 687 605 761; x_wconf 88' lang='lat' dir='ltr'><strong>(ol.</strong></span> <span class='ocrx_word' id='word_1_54' title='bbox 617 685 651 743; x_wconf 89' lang='lat' dir='ltr'><strong>ad</strong></span> <span class='ocrx_word' id='word_1_55' title='bbox 660 689 816 763; x_wconf 77' lang='lat' dir='ltr'><strong>rationales)</strong></span> <span class='ocrx_word' id='word_1_56' title='bbox 826 689 868 745; x_wconf 86' lang='lat' dir='ltr'><strong>el·</strong></span> 
     </span>
     <span class='ocr_line' id='line_1_8' title="bbox 77 772 164 819; baseline -0.023 0"><span class='ocrx_word' id='word_1_57' title='bbox 77 772 164 819; x_wconf 88' lang='lat' dir='ltr'><strong>ectus.</strong></span> 
     </span>
    </p>
   </div>
   <div class='ocr_carea' id='block_1_3' title="bbox 66 1034 867 1236">
    <p class='ocr_par' dir='ltr' id='par_1_3' title="bbox 66 1034 867 1236">
     <span class='ocr_line' id='line_1_9' title="bbox 66 1034 867 1103; baseline 0.005 -18"><span class='ocrx_word' id='word_1_58' title='bbox 66 1036 103 1103; x_wconf 87' lang='lat'><strong>[¹]</strong></span> <span class='ocrx_word' id='word_1_59' title='bbox 142 1034 225 1093; x_wconf 77' lang='lat' dir='ltr'><strong><em>Quare</em></strong></span> <span class='ocrx_word' id='word_1_60' title='bbox 243 1034 345 1098; x_wconf 79' lang='lat' dir='ltr'><strong>Ladon,</strong></span> <span class='ocrx_word' id='word_1_61' title='bbox 369 1046 497 1101; x_wconf 73' lang='lat' dir='ltr'><strong><em>postquam</em></strong></span> <span class='ocrx_word' id='word_1_62' title='bbox 514 1034 609 1086; x_wconf 83' lang='lat' dir='ltr'><strong>viderat</strong></span> <span class='ocrx_word' id='word_1_63' title='bbox 625 1038 649 1087; x_wconf 81' lang='lat' dir='ltr'><strong>in</strong></span> <span class='ocrx_word' id='word_1_64' title='bbox 670 1055 751 1088; x_wconf 70' lang='lat' dir='ltr'><strong>aoros-c</strong></span> <span class='ocrx_word' id='word_1_65' title='bbox 769 1036 867 1089; x_wconf 63' lang='lat' dir='ltr'><strong>&#39;maures</strong></span> 
     </span>
     <span class='ocr_line' id='line_1_10' title="bbox 132 1101 865 1169; baseline 0.001 -16"><span class='ocrx_word' id='word_1_66' title='bbox 132 1112 156 1153; x_wconf 89' lang='lat' dir='ltr'><strong>et</strong></span> <span class='ocrx_word' id='word_1_67' title='bbox 171 1101 290 1165; x_wconf 74' lang='lat' dir='ltr'><strong>armillas,</strong></span> <span class='ocrx_word' id='word_1_68' title='bbox 310 1102 370 1153; x_wconf 75' lang='lat' dir='ltr'><strong>dicit</strong></span> <span class='ocrx_word' id='word_1_69' title='bbox 386 1101 540 1153; x_wconf 75' lang='lat' dir='ltr'><strong>adclamenti:</strong></span> <span class='ocrx_word' id='word_1_70' title='bbox 560 1140 579 1167; x_wconf 87' lang='lat'><strong>‚‚</strong></span> <span class='ocrx_word' id='word_1_71' title='bbox 591 1104 661 1168; x_wconf 84' lang='lat' dir='ltr'><strong>Veni,</strong></span> <span class='ocrx_word' id='word_1_72' title='bbox 677 1105 800 1169; x_wconf 72' lang='lat' dir='ltr'><strong>inprudere</strong></span> <span class='ocrx_word' id='word_1_73' title='bbox 813 1106 865 1168; x_wconf 76' lang='lat' dir='ltr'><strong>luo,</strong></span> 
     </span>
     <span class='ocr_line' id='line_1_11' title="bbox 133 1168 800 1236; baseline 0.001 -16"><span class='ocrx_word' id='word_1_74' title='bbox 133 1168 255 1220; x_wconf 75' lang='lat' dir='ltr'><strong><em>benedicte</em></strong></span> <span class='ocrx_word' id='word_1_75' title='bbox 265 1169 366 1219; x_wconf 81' lang='lat' dir='ltr'><strong>domini!</strong></span> <span class='ocrx_word' id='word_1_76' title='bbox 387 1170 471 1235; x_wconf 79' lang='lat' dir='ltr'><strong>utquid</strong></span> <span class='ocrx_word' id='word_1_77' title='bbox 481 1180 532 1221; x_wconf 79' lang='lat' dir='ltr'><strong>stoa</strong></span> <span class='ocrx_word' id='word_1_78' title='bbox 538 1170 643 1236; x_wconf 76' lang='lat' dir='ltr'><strong>soria“t</strong></span> <span class='ocrx_word' id='word_1_79' title='bbox 661 1176 714 1235; x_wconf 78' lang='lat' dir='ltr'><strong>(tt,</strong></span> <span class='ocrx_word' id='word_1_80' title='bbox 727 1173 800 1232; x_wconf 71' lang='grc' dir='ltr'>θοι.)</span> 
     </span>
    </p>
   </div>
   <div class='ocr_carea' id='block_1_4' title="bbox 64 1313 868 1541">
    <p class='ocr_par' dir='ltr' id='par_1_4' title="bbox 64 1313 868 1541">
     <span class='ocr_line' id='line_1_12' title="bbox 123 1313 868 1391; baseline -0.001 -17"><span class='ocrx_word' id='word_1_81' title='bbox 123 1320 182 1374; x_wconf 74' lang='lat' dir='ltr'><strong>lli.</strong></span> <span class='ocrx_word' id='word_1_82' title='bbox 197 1314 322 1373; x_wconf 88' lang='lat' dir='ltr'><strong>Primum</strong></span> <span class='ocrx_word' id='word_1_83' title='bbox 332 1313 404 1374; x_wconf 92' lang='lat' dir='ltr'><strong>illud</strong></span> <span class='ocrx_word' id='word_1_84' title='bbox 414 1318 474 1374; x_wconf 89' lang='lat' dir='ltr'><strong>vult</strong></span> <span class='ocrx_word' id='word_1_85' title='bbox 484 1316 639 1383; x_wconf 77' lang='lat' dir='ltr'><strong>declarare,</strong></span> <span class='ocrx_word' id='word_1_86' title='bbox 654 1313 728 1391; x_wconf 88' lang='lat' dir='ltr'><strong>quod</strong></span> <span class='ocrx_word' id='word_1_87' title='bbox 739 1319 868 1390; x_wconf 85' lang='lat' dir='ltr'><strong>quicum·</strong></span> 
     </span>
     <span class='ocr_line' id='line_1_13' title="bbox 64 1389 867 1467; baseline 0 -18"><span class='ocrx_word' id='word_1_88' title='bbox 64 1407 119 1466; x_wconf 87' lang='lat' dir='ltr'><strong><em>que</em></strong></span> <span class='ocrx_word' id='word_1_89' title='bbox 129 1389 287 1449; x_wconf 83' lang='lat' dir='ltr'><strong>secundum</strong></span> <span class='ocrx_word' id='word_1_90' title='bbox 296 1410 409 1448; x_wconf 89' lang='lat' dir='ltr'><strong>sensum</strong></span> <span class='ocrx_word' id='word_1_91' title='bbox 417 1390 537 1465; x_wconf 83' lang='lat' dir='ltr'><strong>praefert</strong></span> <span class='ocrx_word' id='word_1_92' title='bbox 549 1403 742 1467; x_wconf 82' lang='lat' dir='ltr'><strong><em>argumentum</em></strong></span> <span class='ocrx_word' id='word_1_93' title='bbox 754 1394 867 1467; x_wconf 81' lang='lat' dir='ltr'><strong>aliquod</strong></span> 
     </span>
     <span class='ocr_line' id='line_1_14' title="bbox 64 1464 867 1541; baseline 0.001 -17"><span class='ocrx_word' id='word_1_94' title='bbox 64 1468 235 1540; x_wconf 83' lang='lat' dir='ltr'><strong>exemplare,</strong></span> <span class='ocrx_word' id='word_1_95' title='bbox 246 1485 355 1538; x_wconf 86' lang='lat' dir='ltr'><strong>semper</strong></span> <span class='ocrx_word' id='word_1_96' title='bbox 367 1464 439 1523; x_wconf 91' lang='lat' dir='ltr'><strong>dono</strong></span> <span class='ocrx_word' id='word_1_97' title='bbox 453 1470 637 1541; x_wconf 84' lang='lat' dir='ltr'><strong>corrumpitur</strong></span> <span class='ocrx_word' id='word_1_98' title='bbox 647 1486 696 1541; x_wconf 89' lang='lat' dir='ltr'><strong>pro</strong></span> <span class='ocrx_word' id='word_1_99' title='bbox 706 1469 867 1525; x_wconf 85' lang='lat' dir='ltr'><strong>necessitate</strong></span> 
     </span>
    </p>
   </div>
   <div class='ocr_carea' id='block_1_5' title="bbox 63 1542 871 2662">
    <p class='ocr_par' dir='ltr' id='par_1_5' title="bbox 63 1542 871 2662">
     <span class='ocr_line' id='line_1_15' title="bbox 64 1542 868 1617; baseline 0.001 -17"><span class='ocrx_word' id='word_1_100' title='bbox 64 1561 233 1616; x_wconf 72' lang='lat' dir='ltr'><strong>iquoquam</strong></span> <span class='ocrx_word' id='word_1_101' title='bbox 242 1542 385 1608; x_wconf 84' lang='lat' dir='ltr'><strong>sensibili,</strong></span> <span class='ocrx_word' id='word_1_102' title='bbox 406 1544 540 1616; x_wconf 88' lang='lat' dir='ltr'><strong>nequiens</strong></span> <span class='ocrx_word' id='word_1_103' title='bbox 550 1544 695 1617; x_wconf 83' lang='lat' dir='ltr'><strong>quidpiam</strong></span> <span class='ocrx_word' id='word_1_104' title='bbox 705 1547 757 1601; x_wconf 86' lang='lat' dir='ltr'><strong>rita</strong></span> <span class='ocrx_word' id='word_1_105' title='bbox 768 1555 794 1601; x_wconf 87' lang='lat' dir='ltr'><strong>at</strong></span> <span class='ocrx_word' id='word_1_106' title='bbox 804 1563 868 1601; x_wconf 89' lang='lat' dir='ltr'><strong>san-</strong></span> 
     </span>
     <span class='ocr_line' id='line_1_16' title="bbox 64 1617 866 1691; baseline 0 -15"><span class='ocrx_word' id='word_1_107' title='bbox 64 1629 108 1676; x_wconf 88' lang='lat' dir='ltr'><strong>cte</strong></span> <span class='ocrx_word' id='word_1_108' title='bbox 121 1618 249 1674; x_wconf 86' lang='lat' dir='ltr'><strong>iudicare</strong></span> <span class='ocrx_word' id='word_1_109' title='bbox 262 1621 323 1674; x_wconf 87' lang='lat' dir='ltr'><strong>sinc</strong></span> <span class='ocrx_word' id='word_1_110' title='bbox 338 1617 422 1687; x_wconf 81' lang='lat' dir='ltr'><strong>don03</strong></span> <span class='ocrx_word' id='word_1_111' title='bbox 449 1619 560 1691; x_wconf 89' lang='lat' dir='ltr'><strong>quando</strong></span> <span class='ocrx_word' id='word_1_112' title='bbox 572 1637 638 1675; x_wconf 86' lang='lat' dir='ltr'><strong>vero</strong></span> <span class='ocrx_word' id='word_1_113' title='bbox 650 1621 745 1676; x_wconf 85' lang='lat' dir='ltr'><strong>videat</strong></span> <span class='ocrx_word' id='word_1_114' title='bbox 759 1638 866 1685; x_wconf 78' lang='lat' dir='ltr'><strong>aurum,</strong></span> 
     </span>
     <span class='ocr_line' id='line_1_17' title="bbox 63 1692 870 1768; baseline 0 -18"><span class='ocrx_word' id='word_1_115' title='bbox 63 1703 145 1750; x_wconf 84' lang='lat' dir='ltr'><strong>vocat</strong></span> <span class='ocrx_word' id='word_1_116' title='bbox 154 1694 190 1750; x_wconf 87' lang='lat' dir='ltr'><strong>ad</strong></span> <span class='ocrx_word' id='word_1_117' title='bbox 201 1710 246 1758; x_wconf 80' lang='lat' dir='ltr'><strong>sa,</strong></span> <span class='ocrx_word' id='word_1_118' title='bbox 258 1701 286 1749; x_wconf 88' lang='lat' dir='ltr'><strong>ct</strong></span> <span class='ocrx_word' id='word_1_119' title='bbox 296 1709 397 1750; x_wconf 84' lang='lat' dir='ltr'><strong>vocans</strong></span> <span class='ocrx_word' id='word_1_120' title='bbox 407 1692 441 1765; x_wconf 88' lang='lat' dir='ltr'><strong>(s.</strong></span> <span class='ocrx_word' id='word_1_121' title='bbox 452 1694 677 1768; x_wconf 75' lang='lat' dir='ltr'><strong>vocatualscrvuc</strong></span> <span class='ocrx_word' id='word_1_122' title='bbox 687 1697 713 1750; x_wconf 84' lang='lat' dir='ltr'><strong>ci</strong></span> <span class='ocrx_word' id='word_1_123' title='bbox 723 1695 755 1750; x_wconf 89' lang='lat' dir='ltr'><strong>fit</strong></span> <span class='ocrx_word' id='word_1_124' title='bbox 762 1695 870 1751; x_wconf 80' lang='lat' dir='ltr'><strong>officio·</strong></span> 
     </span>
     <span class='ocr_line' id='line_1_18' title="bbox 63 1768 868 1833; baseline -0.001 -8"><span class='ocrx_word' id='word_1_125' title='bbox 63 1787 124 1826; x_wconf 87' lang='lat' dir='ltr'><strong>sus.</strong></span> <span class='ocrx_word' id='word_1_126' title='bbox 165 1768 280 1824; x_wconf 67' lang='lat' dir='ltr'><strong>adhaec</strong></span> <span class='ocrx_word' id='word_1_127' title='bbox 292 1769 376 1824; x_wconf 86' lang='lat' dir='ltr'><strong>nimia</strong></span> <span class='ocrx_word' id='word_1_128' title='bbox 392 1769 565 1833; x_wconf 81' lang='lat' dir='ltr'><strong>naturaliter,</strong></span> <span class='ocrx_word' id='word_1_129' title='bbox 586 1769 686 1825; x_wconf 81' lang='lat' dir='ltr'><strong>videns</strong></span> <span class='ocrx_word' id='word_1_130' title='bbox 700 1770 774 1826; x_wconf 90' lang='lat' dir='ltr'><strong>illud</strong></span> <span class='ocrx_word' id='word_1_131' title='bbox 787 1787 868 1825; x_wconf 90' lang='lat' dir='ltr'><strong>orna-</strong></span> 
     </span>
     <span class='ocr_line' id='line_1_19' title="bbox 64 1844 869 1915; baseline -0.001 -15"><span class='ocrx_word' id='word_1_132' title='bbox 64 1853 192 1902; x_wconf 85' lang='lat' dir='ltr'><strong>mentum</strong></span> <span class='ocrx_word' id='word_1_133' title='bbox 203 1844 323 1908; x_wconf 86' lang='lat' dir='ltr'><strong>aurium,</strong></span> <span class='ocrx_word' id='word_1_134' title='bbox 330 1845 592 1915; x_wconf 85' lang='lat' dir='ltr'><strong>unitatcminquam‚</strong></span> <span class='ocrx_word' id='word_1_135' title='bbox 600 1854 626 1901; x_wconf 90' lang='lat' dir='ltr'><strong>et</strong></span> <span class='ocrx_word' id='word_1_136' title='bbox 635 1853 760 1900; x_wconf 87' lang='lat' dir='ltr'><strong>ornatum</strong></span> <span class='ocrx_word' id='word_1_137' title='bbox 770 1862 869 1900; x_wconf 91' lang='lat' dir='ltr'><strong>manu-</strong></span> 
     </span>
     <span class='ocr_line' id='line_1_20' title="bbox 64 1918 868 1992; baseline -0.002 -16"><span class='ocrx_word' id='word_1_138' title='bbox 64 1937 113 1976; x_wconf 91' lang='lat' dir='ltr'><strong><em>um</em></strong></span> <span class='ocrx_word' id='word_1_139' title='bbox 123 1935 308 1992; x_wconf 84' lang='lat' dir='ltr'><strong><em>operumque,</em></strong></span> <span class='ocrx_word' id='word_1_140' title='bbox 320 1919 467 1982; x_wconf 83' lang='lat' dir='ltr'><strong>decadam,</strong></span> <span class='ocrx_word' id='word_1_141' title='bbox 480 1918 537 1974; x_wconf 85' lang='lat' dir='ltr'><strong>lero</strong></span> <span class='ocrx_word' id='word_1_142' title='bbox 547 1936 681 1975; x_wconf 81' lang='lat' dir='ltr'><strong>excussus</strong></span> <span class='ocrx_word' id='word_1_143' title='bbox 691 1937 707 1974; x_wconf 91' lang='lat' dir='ltr'><strong>a</strong></span> <span class='ocrx_word' id='word_1_144' title='bbox 717 1928 810 1975; x_wconf 83' lang='lat' dir='ltr'><strong>sancta</strong></span> <span class='ocrx_word' id='word_1_145' title='bbox 820 1920 868 1974; x_wconf 91' lang='lat' dir='ltr'><strong>illa</strong></span> 
     </span>
     <span class='ocr_line' id='line_1_21' title="bbox 64 1993 868 2069; baseline -0.002 -19"><span class='ocrx_word' id='word_1_146' title='bbox 64 1995 241 2067; x_wconf 83' lang='lat' dir='ltr'><strong>apparitione</strong></span> <span class='ocrx_word' id='word_1_147' title='bbox 257 1993 363 2066; x_wconf 79' lang='lat' dir='ltr'><strong>(forma)</strong></span> <span class='ocrx_word' id='word_1_148' title='bbox 377 1993 530 2058; x_wconf 79' lang='lat' dir='ltr'><strong>dominica,</strong></span> <span class='ocrx_word' id='word_1_149' title='bbox 555 1997 657 2067; x_wconf 79' lang='lat' dir='ltr'><strong>gratias</strong></span> <span class='ocrx_word' id='word_1_150' title='bbox 673 1994 757 2069; x_wconf 73' lang='lat' dir='ltr'><strong>pelert</strong></span> <span class='ocrx_word' id='word_1_151' title='bbox 769 2011 868 2067; x_wconf 79' lang='lat' dir='ltr'><strong>magna</strong></span> 
     </span>
     <span class='ocr_line' id='line_1_22' title="bbox 65 2069 869 2141; baseline -0.002 -17"><span class='ocrx_word' id='word_1_152' title='bbox 65 2087 148 2134; x_wconf 84' lang='lat' dir='ltr'><strong>voce,</strong></span> <span class='ocrx_word' id='word_1_153' title='bbox 171 2069 283 2124; x_wconf 78' lang='lat' dir='ltr'><strong>dicens:</strong></span> <span class='ocrx_word' id='word_1_154' title='bbox 304 2069 457 2124; x_wconf 74' lang='lat' dir='ltr'><strong>Benedictus</strong></span> <span class='ocrx_word' id='word_1_155' title='bbox 468 2073 596 2126; x_wconf 75' lang='lat' dir='ltr'><strong>domiuus.</strong></span> <span class='ocrx_word' id='word_1_156' title='bbox 634 2069 791 2140; x_wconf 78' lang='lat' dir='ltr'><strong>Quocum*)</strong></span> <span class='ocrx_word' id='word_1_157' title='bbox 804 2069 869 2141; x_wconf 92' lang='lat' dir='ltr'><strong>pul-</strong></span> 
     </span>
     <span class='ocr_line' id='line_1_23' title="bbox 65 2143 870 2216; baseline -0.001 -18"><span class='ocrx_word' id='word_1_158' title='bbox 65 2145 132 2199; x_wconf 82' lang='lat' dir='ltr'><strong>chra</strong></span> <span class='ocrx_word' id='word_1_159' title='bbox 147 2143 300 2215; x_wconf 84' lang='lat' dir='ltr'><strong>disciplina</strong></span> <span class='ocrx_word' id='word_1_160' title='bbox 314 2144 486 2215; x_wconf 84' lang='lat' dir='ltr'><strong>pulchraque</strong></span> <span class='ocrx_word' id='word_1_161' title='bbox 503 2160 587 2215; x_wconf 85' lang='lat' dir='ltr'><strong>opera</strong></span> <span class='ocrx_word' id='word_1_162' title='bbox 605 2143 798 2216; x_wconf 85' lang='lat' dir='ltr'><strong>perficiuntur,</strong></span> <span class='ocrx_word' id='word_1_163' title='bbox 824 2152 870 2197; x_wconf 92' lang='lat' dir='ltr'><strong><em>ut-</em></strong></span> 
     </span>
     <span class='ocr_line' id='line_1_24' title="bbox 64 2217 867 2290; baseline -0.002 -17"><span class='ocrx_word' id='word_1_164' title='bbox 64 2233 188 2290; x_wconf 81' lang='lat' dir='ltr'><strong><em>cumque</em></strong></span> <span class='ocrx_word' id='word_1_165' title='bbox 200 2218 287 2282; x_wconf 87' lang='lat' dir='ltr'><strong>decat‚</strong></span> <span class='ocrx_word' id='word_1_166' title='bbox 299 2219 436 2290; x_wconf 84' lang='lat' dir='ltr'><strong>primitias</strong></span> <span class='ocrx_word' id='word_1_167' title='bbox 446 2217 592 2283; x_wconf 80' lang='lat' dir='ltr'><strong>offerendo,</strong></span> <span class='ocrx_word' id='word_1_168' title='bbox 604 2221 678 2274; x_wconf 88' lang='lat' dir='ltr'><strong>siout</strong></span> <span class='ocrx_word' id='word_1_169' title='bbox 686 2228 713 2274; x_wconf 89' lang='lat' dir='ltr'><strong>et</strong></span> <span class='ocrx_word' id='word_1_170' title='bbox 721 2219 867 2274; x_wconf 76' lang='lat' dir='ltr'><strong>verborum</strong></span> 
     </span>
     <span class='ocr_line' id='line_1_25' title="bbox 65 2293 869 2364; baseline -0.002 -16"><span class='ocrx_word' id='word_1_171' title='bbox 65 2294 221 2364; x_wconf 81' lang='lat' dir='ltr'><strong>primitias,</strong></span> <span class='ocrx_word' id='word_1_172' title='bbox 253 2293 368 2348; x_wconf 79' lang='lat' dir='ltr'><strong><em>verbum</em></strong></span> <span class='ocrx_word' id='word_1_173' title='bbox 392 2294 546 2350; x_wconf 73' lang='lat' dir='ltr'><strong>secumdum</strong></span> <span class='ocrx_word' id='word_1_174' title='bbox 565 2294 711 2361; x_wconf 81' lang='lat' dir='ltr'><strong>unitatem3</strong></span> <span class='ocrx_word' id='word_1_175' title='bbox 743 2301 869 2348; x_wconf 79' lang='lat' dir='ltr'><strong>sanctum</strong></span> 
     </span>
     <span class='ocr_line' id='line_1_26' title="bbox 66 2368 871 2432; baseline 0 -10"><span class='ocrx_word' id='word_1_176' title='bbox 66 2369 143 2422; x_wconf 84' lang='lat' dir='ltr'><strong>anim</strong></span> <span class='ocrx_word' id='word_1_177' title='bbox 152 2376 185 2423; x_wconf 90' lang='lat' dir='ltr'><strong><em>ut</em></strong></span> <span class='ocrx_word' id='word_1_178' title='bbox 194 2369 223 2422; x_wconf 91' lang='lat' dir='ltr'><strong>ia</strong></span> <span class='ocrx_word' id='word_1_179' title='bbox 234 2369 357 2424; x_wconf 87' lang='lat' dir='ltr'><strong>numeris</strong></span> <span class='ocrx_word' id='word_1_180' title='bbox 366 2385 467 2432; x_wconf 81' lang='lat' dir='ltr'><strong><em>unum,</em></strong></span> <span class='ocrx_word' id='word_1_181' title='bbox 486 2370 529 2424; x_wconf 86' lang='lat' dir='ltr'><strong>sic</strong></span> <span class='ocrx_word' id='word_1_182' title='bbox 540 2370 623 2424; x_wconf 81' lang='lat' dir='ltr'><strong>etiam</strong></span> <span class='ocrx_word' id='word_1_183' title='bbox 633 2369 662 2422; x_wconf 89' lang='lat' dir='ltr'><strong>in</strong></span> <span class='ocrx_word' id='word_1_184' title='bbox 672 2368 796 2424; x_wconf 88' lang='lat' dir='ltr'><strong>doctrina</strong></span> <span class='ocrx_word' id='word_1_185' title='bbox 806 2383 871 2422; x_wconf 79' lang='lat' dir='ltr'><strong>ver·</strong></span> 
     </span>
     <span class='ocr_line' id='line_1_27' title="bbox 67 2441 867 2515; baseline -0.001 -19"><span class='ocrx_word' id='word_1_186' title='bbox 67 2441 136 2498; x_wconf 88' lang='lat' dir='ltr'><strong><em>bum</em></strong></span> <span class='ocrx_word' id='word_1_187' title='bbox 157 2451 213 2506; x_wconf 81' lang='lat' dir='ltr'><strong>est,</strong></span> <span class='ocrx_word' id='word_1_188' title='bbox 243 2443 273 2496; x_wconf 88' lang='lat' dir='ltr'><strong>in</strong></span> <span class='ocrx_word' id='word_1_189' title='bbox 291 2443 424 2515; x_wconf 81' lang='lat' dir='ltr'><strong>operibus</strong></span> <span class='ocrx_word' id='word_1_190' title='bbox 443 2452 533 2499; x_wconf 82' lang='lat' dir='ltr'><strong><em>autem</em></strong></span> <span class='ocrx_word' id='word_1_191' title='bbox 553 2443 707 2499; x_wconf 74' lang='lat' dir='ltr'><strong>monadum</strong></span> <span class='ocrx_word' id='word_1_192' title='bbox 725 2442 867 2504; x_wconf 83' lang='lat' dir='ltr'><strong>decadam,</strong></span> 
     </span>
     <span class='ocr_line' id='line_1_28' title="bbox 68 2514 870 2588; baseline -0.007 -16"><span class='ocrx_word' id='word_1_193' title='bbox 68 2518 149 2588; x_wconf 80' lang='lat' dir='ltr'><strong>quia,</strong></span> <span class='ocrx_word' id='word_1_194' title='bbox 161 2515 237 2572; x_wconf 86' lang='lat' dir='ltr'><strong>siout</strong></span> <span class='ocrx_word' id='word_1_195' title='bbox 246 2515 310 2574; x_wconf 85' lang='lat' dir='ltr'><strong>finis</strong></span> <span class='ocrx_word' id='word_1_196' title='bbox 321 2527 362 2575; x_wconf 83' lang='lat' dir='ltr'><strong>cst</strong></span> <span class='ocrx_word' id='word_1_197' title='bbox 371 2519 401 2574; x_wconf 89' lang='lat' dir='ltr'><strong>in</strong></span> <span class='ocrx_word' id='word_1_198' title='bbox 411 2521 535 2575; x_wconf 85' lang='lat' dir='ltr'><strong>numeria</strong></span> <span class='ocrx_word' id='word_1_199' title='bbox 544 2520 640 2583; x_wconf 82' lang='lat' dir='ltr'><strong>decas,</strong></span> <span class='ocrx_word' id='word_1_200' title='bbox 651 2528 678 2575; x_wconf 87' lang='lat' dir='ltr'><strong>at</strong></span> <span class='ocrx_word' id='word_1_201' title='bbox 688 2519 719 2572; x_wconf 91' lang='lat' dir='ltr'><strong>in</strong></span> <span class='ocrx_word' id='word_1_202' title='bbox 728 2514 870 2571; x_wconf 77' lang='lat' dir='ltr'><strong>discendis</strong></span> 
     </span>
     <span class='ocr_line' id='line_1_29' title="bbox 67 2593 202 2662; baseline 0.015 -18"><span class='ocrx_word' id='word_1_203' title='bbox 67 2593 202 2662; x_wconf 80' lang='lat' dir='ltr'><strong>operatio.</strong></span> 
     </span>
    </p>
   </div>
   <div class='ocr_carea' id='block_1_6' title="bbox 120 2763 648 2816">
    <p class='ocr_par' dir='ltr' id='par_1_6' title="bbox 120 2763 648 2816">
     <span class='ocr_line' id='line_1_30' title="bbox 120 2763 648 2816; baseline -0.019 -6"><span class='ocrx_word' id='word_1_204' title='bbox 120 2766 144 2812; x_wconf 78' lang='lat' dir='ltr'><strong>&#39;l</strong></span> <span class='ocrx_word' id='word_1_205' title='bbox 166 2776 184 2806; x_wconf 78' lang='lat' dir='ltr'><strong>t·</strong></span> <span class='ocrx_word' id='word_1_206' title='bbox 198 2767 261 2814; x_wconf 67' lang='lat' dir='ltr'><strong>md</strong></span> <span class='ocrx_word' id='word_1_207' title='bbox 274 2775 343 2816; x_wconf 75' lang='lat' dir='ltr'><strong><em>quom,</em></strong></span> <span class='ocrx_word' id='word_1_208' title='bbox 357 2773 422 2805; x_wconf 73' lang='lat' dir='ltr'><strong><em>uentu</em></strong></span> <span class='ocrx_word' id='word_1_209' title='bbox 434 2765 542 2813; x_wconf 61' lang='lat' dir='ltr'><strong>amblacio.</strong></span> <span class='ocrx_word' id='word_1_210' title='bbox 568 2763 648 2802; x_wconf 73' lang='lat' dir='ltr'><strong>Anah.</strong></span> 
     </span>
    </p>
   </div>
   <div class='ocr_carea' id='block_1_7' title="bbox 0 0 1031 3100">
    <p class='ocr_par' dir='ltr' id='par_1_7' title="bbox 0 0 1031 3100">
     <span class='ocr_line' id='line_1_31' title="bbox 0 0 1031 3100; baseline 0 0"><span class='ocrx_word' id='word_1_211' title='bbox 0 0 1031 3100; x_wconf 95' lang='lat' dir='ltr'><strong> </strong></span> 
     </span>
    </p>
   </div>
  </div>
 </body>
</html>
