2050 3100
160 136 211 188 ato
288 138 384 185 ιιιιι.
404 138 478 185 run.
499 136 661 196 Quanam
679 138 729 183 ns
752 138 831 183 son.
849 131 958 198 [ιιιιι]

160 241 223 295 stati
234 239 268 294 ab
278 239 327 303 iis,
347 238 434 309 quiin
447 236 705 301 abundantiarum,
724 237 864 293 satisfieri.
905 239 959 294 Lit-
1002 245 1004 352 q

159 323 217 370 tera
230 312 298 367 baec
311 319 361 369 est.
406 310 448 367 Ad
467 320 588 366 mentem
605 328 684 375 vero,
712 312 741 366 in
756 312 841 369 rebus
853 314 959 372 animae

159 388 329 461 quicumque
349 403 469 441 amorem
488 386 582 441 colunt
601 386 760 458 proprium,
790 387 960 443 intellectum
1002 359 1004 446 l

122 517 127 529 ,
159 472 299 533 tamquam
315 461 406 515 virum
420 469 583 533 patremque
600 461 747 515 honorant·
768 469 912 533 umquam
920 462 960 515 vi·
1002 449 1004 590 q

148 551 235 601 ¹rum,
256 536 322 607 quia
337 534 451 591 sortasse
466 552 600 590 sensuum
614 552 726 607 quoque
739 536 769 590 in
786 538 828 590 eis
846 538 960 591 seminat

159 614 275 667 virtutes
279 610 397 681 ,quibus
410 609 813 682 sensibilecomprebenditur;
822 619 1004 700 tamquam
1002 599 1004 660 i

158 702 224 742 vero
243 693 363 757 patrem,
389 685 456 757 quia
473 702 574 757 parens
594 684 807 773 disciplinarum
822 694 851 741 et
864 666 1004 741 artium
1002 737 1003 754 ,

157 768 270 833 putatur
280 776 351 814 essa.
390 758 445 826 Qui
459 776 525 816 vero
540 759 575 815 ab
588 777 681 816 amore
689 776 801 832 proprio
811 776 843 817 se
853 762 960 816 solven-
1002 809 1003 812 ,

158 845 199 890 tes
209 835 242 890 ad
253 835 337 889 deum
347 832 525 905 confugiunt
541 835 662 890 assecuti
671 844 746 895 sunt
745 851 807 894 erus
815 835 907 895 veluti
915 850 1003 906 pa-
1002 839 1003 876 l

152 910 208 965 ‘tris
204 910 349 998 desuper
359 910 532 964 visitationes
545 910 822 981 procurationesque,
845 919 873 966 et
889 908 1003 965 velut

157 1003 213 1040 vrri
223 985 433 1039 seminationem
443 981 577 1041 bonorum
585 982 765 1050 eonsrliqrum
778 991 806 1043 et
816 984 961 1041 verborum
1002 953 1003 1032 l

158 1068 185 1115 et
195 1075 320 1147 operum
346 1056 446 1112 Porro'
438 1074 467 1121 ιιι
479 1057 570 1116 solitis
581 1056 656 1130 apud
666 1057 793 1113 homines
802 1058 889 1115 rebus
900 1074 962 1115 cou-

157 1137 241 1190 traria
254 1131 409 1205 quaedam
404 1139 566 1195 occurrunt.
592 1131 734 1204 siquidem
748 1149 807 1187 mas
825 1133 961 1205 attingens

158 1208 304 1273 feminam,
330 1207 469 1279 virginem
487 1206 656 1262 demonstrat
669 1207 829 1272 mulierem,
856 1208 961 1262 animae

158 1300 224 1339 vero
234 1300 325 1370 quum
332 1282 384 1336 deo
394 1281 549 1336 induuntur
558 1280 612 1350 (vel
625 1280 792 1356 initiantur),
813 1298 851 1337 ιιι
862 1282 962 1337 mulie·

158 1351 238 1413 ribus
253 1357 378 1429 virgines
391 1357 543 1424 exsistunt,
566 1356 752 1420 muliebribus
762 1358 894 1428 sepositis
905 1374 961 1411 cor-

158 1432 349 1504 ruptionibus,
370 1447 442 1502 quae
451 1432 481 1485 in
492 1421 622 1489 sensibus
631 1438 658 1485 et
671 1431 873 1519 cupiditatibus
888 1439 960 1487 suut

158 1505 213 1574 Qui
232 1522 297 1562 vero
317 1504 510 1570 infallibilem,
541 1506 733 1566 inviolabilem
756 1506 958 1592 virginemque

158 1598 285 1637 veracem
295 1580 403 1636 sc1l1cet
412 1581 576 1653 sap1ent1am
587 1580 643 1646 dea
653 1590 817 1653 sequuntur,
828 1581 961 1638 contraria
1002 1602 1003 1655 q

159 1657 275 1719 eiiciunt
289 1654 387 1730 (vitia).
427 1655 489 1714 Iure
507 1655 602 1726 itaque
621 1656 783 1716 huiusmodi
797 1666 905 1718 mentes
919 1656 962 1711 vi·
1002 1672 1003 1693 ι

159 1731 231 1786 duae
245 1731 315 1785 fiunt
328 1738 355 1784 et
364 1729 495 1817 orbantur
505 1747 541 1785 ex
549 1731 727 1796 mortalibus
749 1731 909 1804 habentque
917 1747 961 1790 aa·

159 1807 295 1878 quisitum
313 1804 368 1858 sibi
388 1811 444 1860 tam
464 1806 571 1870 virum,
602 1814 716 1861 naturae
737 1815 841 1861 rectam
861 1805 958 1880 legem,

158 1897 278 1951 quocum
297 1879 411 1944 vivunt,
437 1887 493 1935 tam
511 1887 619 1967 patrem
637 1880 771 1945 eundem,
798 1881 863 1952 qui,
890 1895 959 1952 quae

158 1961 265 2027 oportet
275 1953 377 2018 facere
399 1954 535 2026 praecrpat
544 1962 700 2027 nmquam
694 1955 762 2011 illus
771 1971 960 2019 unacnmsu-

157 2027 437 2118 pernaprovidentia
476 2082 478 2086 ,
1002 2048 1003 2055 “

217 2181 282 2240 Quid
298 2193 333 2243 est
349 2183 413 2248 „Ne
425 2186 515 2250 forte
510 2184 636 2234 ιιιιιίιιι
652 2185 794 2248 vexaveritis
810 2183 905 2243 viduam

424 2261 446 2302 et
460 2245 617 2316 pupillatm“t
634 2241 694 2316 (ib.)

214 2355 240 2408 l.
269 2353 370 2407 Vexat-e
389 2349 448 2425 (vel
468 2351 611 2422 cruciandi
631 2351 746 2426 nomen)
763 2351 866 2419 dicitur
884 2367 955 2413 vere,

159 2427 262 2482 dicitur
277 2435 304 2482 et
323 2427 474 2496 improprie
484 2427 519 2482 de
534 2427 611 2490 aliis:
644 2425 682 2502 [⁴⁵]
701 2444 768 2482 vera
785 2427 860 2481 circa
878 2441 956 2498 opera
1002 2430 1003 2437 ’

158 2502 294 2565 malitiae,
314 2499 389 2571 quod
400 2516 499 2554 ammas
510 2518 654 2572 proprium
664 2511 718 2557 est
712 2518 886 2573 improprie
894 2514 955 2555 vero
1002 2526 1003 2555 P

158 2592 242 2646 super
257 2543 339 2638 alios,
361 2573 488 2645 quibus
480 2592 509 2628 m
524 2577 748 2645 possessionibus
760 2584 788 2631 et
798 2574 955 2646 corporibus

159 2647 258 2703 damna
278 2648 412 2703 feruntur.
451 2647 592 2705 Posterius
610 2650 700 2717 istud,
721 2653 787 2723 quia
810 2650 882 2706 nibil
900 2667 954 2706 ma·
