2050 3100
27 154 66 218 [1,
84 150 157 215 tan]
264 156 332 201 LIB.
351 156 400 201 DE
418 155 661 203 sallustianus.
812 154 860 211 425

27 257 101 313 alto
114 258 181 310 situ
193 255 593 328 ambulantem‚tripudiantem
607 266 690 329 etper
701 276 789 315 armos
800 260 859 333 (pe-
926 288 927 291 ¹

28 334 96 387 des
114 330 284 403 anteriores)
299 329 420 401 globulis
440 330 593 405 ludentem3
618 332 692 404 qnod
711 335 859 391 mirificum

28 408 219 470 visumst,
238 421 325 476 quum
335 419 434 466 manus
443 423 498 461 non
508 406 608 462 habeat
618 408 858 479 adprehendenda

30 500 94 544 ea,
108 497 190 551 quae
200 481 299 535 iactata
308 488 382 534 sunt.
408 480 478 535 Ecce
488 490 515 535 et
525 483 554 535 in
566 482 700 543 circulum
710 484 858 555 quemdam

33 554 212 610 ascendens
231 554 281 610 diu
300 570 399 627 magna
416 555 543 629 prodigia
562 574 594 611 ac
613 558 746 614 miracula
765 561 857 631 potius

34 630 232 686 monstravit.
270 629 404 696 Quoniam
419 630 530 685 clausus
540 632 656 703 sphaera
666 642 790 699 externa,
813 636 858 689 in-

35 717 96 761 tus
107 706 140 758 in
193 704 235 759 clo
246 712 300 759 tota
309 704 425 775 sphaera
435 707 535 777 agitata
545 705 705 763 movebatur
715 711 858 765 continen-

36 792 106 843 ter,
130 788 159 834 et
187 796 249 835 aces
263 780 293 834 in
306 779 425 851 singulis
436 778 617 835 foraminibus
628 784 857 849 connectebantur

39 854 189 926 sparsim.
227 855 289 925 lpse
299 870 363 910 vero
371 854 444 909 intra
453 854 609 909 machinam
618 858 698 926 quasi
709 868 857 930 captatusa

38 930 176 985 flammis
187 929 276 984 stabat
285 930 314 984 in
324 927 426 983 medio.
465 928 598 1001 Callias*)
615 933 857 1004 autempraeside·

32 1007 116 1067 bet,
138 1012 167 1058 et
181 1004 230 1059 ille
244 1004 305 1059 viso
324 1002 428 1057 circulo
446 1003 608 1058 versabatur
627 1005 853 1077 circumquaque.

40 1078 170 1136 Adhaec
181 1079 310 1133 animalia
320 1079 376 1133 iam
389 1086 482 1149 parata
496 1084 573 1133 erant
588 1076 623 1132 ad
637 1081 853 1143 ostentationem,

42 1170 177 1227 quorum
191 1170 277 1208 unum
291 1170 338 1209 ore
352 1152 426 1208 laces
444 1154 568 1208 evellens
582 1151 679 1215 eduxit
696 1163 723 1209 et
738 1155 773 1209 ad
787 1154 856 1208 dex-

41 1241 126 1285 tram
141 1246 239 1283 versus
254 1228 356 1284 collum
371 1227 484 1283 detorsit
499 1237 531 1286 ¹et
549 1227 681 1290 elevavit,
702 1236 732 1282 ut
749 1228 856 1283 offerret

44 1304 172 1361 Calliae.
208 1304 259 1358 llle
279 1319 344 1369 vero
362 1302 488 1374 (haedus)
507 1299 545 1377 [ἢ
567 1301 696 1359 cornibus
715 1311 855 1373 tamquam

45 1377 188 1435 manibus
198 1376 278 1433 facile
288 1379 368 1449 quasi
378 1378 524 1447 recipiens,
540 1384 567 1431 at
576 1392 659 1431 manu
669 1377 852 1447 prehendens,

45 1451 282 1510 circumducebat
290 1469 410 1516 sursum,
422 1454 494 1507 sicut
503 1452 583 1523 pueri
594 1451 734 1523 lampadas
744 1460 855 1525 gestan-

44 1543 113 1593 tes,
135 1528 221 1582 nimia
234 1528 412 1584 ostentatione
427 1526 510 1595 facta;
533 1527 604 1582 circa
617 1543 692 1583 oram
703 1526 854 1584 lorinsecus

46 1621 173 1667 cavens,
188 1621 222 1659 ne
232 1602 340 1658 flamma
350 1605 479 1675 cuiquem
491 1611 600 1658 noceret
609 1619 716 1668 eorum,
735 1605 784 1676 qui
799 1605 854 1658 cir-

47 1685 225 1738 cumstantes
234 1677 403 1751 spectabant.
442 1676 543 1734 Mirum
557 1686 647 1733 autem
662 1678 731 1733 mibi
746 1688 773 1734 et
782 1679 853 1734 illud

48 1759 133 1814 factu
143 1755 297 1818 visumst,
318 1752 407 1825 quod,
431 1769 518 1824 quum
528 1752 595 1810 haec
606 1763 711 1826 ageret,
733 1754 854 1809 simulet

48 1836 84 1888 in
98 1827 160 1884 ludi
169 1830 331 1902 magistrum
340 1827 433 1883 oculos
446 1827 557 1893 fixerat,
579 1829 697 1894 veritus,
717 1839 797 1902 puto.
819 1846 853 1883 ne

50 1902 129 1979 quid
142 1903 325 1974 delinqueret;
347 1911 428 1975 atque
443 1898 527 1958 simul
542 1912 706 1974 spectatores
721 1905 854 1975 respicie-

51 1985 121 2042 bat,
146 1996 179 2033 an
201 1978 383 2051 exsultatione
407 1977 579 2032 afficerentur
601 1978 645 2032 vel
666 1979 779 2034 moleste
798 1978 853 2033 ler-

52 2046 368 2126 rent‚inves'tigaturus.
406 2053 554 2123 Postquam
564 2062 655 2106 antem
665 2053 852 2125 spectaculum

53 2127 186 2206 perfecit,
197 2129 293 2183 timore
304 2127 459 2191 absolutus,
470 2129 543 2182 sicut
554 2126 668 2182 bellator
679 2129 793 2182 victoria
802 2143 852 2196 po-

53 2209 128 2263 titus
138 2203 298 2271 iactabunde
308 2203 488 2275 gloriabatur:
518 2200 592 2274 quod
606 2200 782 2255 manifestum
796 2210 852 2255 erat

55 2299 95 2338 ex
106 2278 175 2333 saltu
185 2279 348 2333 etcontinua
358 2277 504 2350 agitatione
518 2275 660 2346 oculisque
675 2275 806 2328 laetitiam
821 2292 852 2328 ac

55 2354 222 2412 hilaritatem
242 2362 382 2424 tamquam
405 2352 478 2406 risus
497 2367 563 2422 prae
582 2366 611 2403 se
628 2347 792 2416 ferentibus3
826 2359 852 2403 et

57 2430 230 2505 praeterista
246 2428 399 2482 communis
414 2423 604 2481 exsultationis
618 2423 722 2477 indicia
737 2423 851 2478 caudam

113 2599 134 2647 ¹)
154 2599 198 2638 vox
210 2602 258 2649 ipse
270 2595 352 2640 Graece
364 2599 449 2638 mitetur
467 2599 552 2638 servata
572 2597 598 2636 ab
618 2598 742 2646 interorum
765 2597 791 2636 de
810 2607 851 2646 qna

61 2650 153 2695 studiosi
163 2649 250 2690 lectores
266 2651 420 2690 diiudicabnnt.
435 2645 521 2686 κάλλαια
533 2647 568 2686 vel
580 2644 650 2692 κάλλος
663 2652 745 2696 praeter
760 2647 801 2687 etia
818 2651 852 2686 est

61 2707 127 2746 etim
141 2701 202 2742 berb·
216 2711 254 2742 sen
269 2703 364 2751 palearia
378 2701 428 2749 galli
442 2699 561 2748 gallinacei.
587 2698 660 2738 euch
