2050 3100
139 106 190 161 Μ
277 110 374 154 PHIL.
392 108 468 154 lUD.
488 106 649 165 QUAEST.
666 106 715 151 ET
733 107 811 152 SOL.
832 101 945 168 [Π,388.]

140 261 206 319 Quid
227 269 279 309 erat
303 258 383 319 ladas,
412 273 480 320 quem
498 266 624 320 porrectus
645 256 782 306 Atinatem
803 273 849 320 per
871 259 945 322 seae-

170 339 245 377 stram
262 325 322 375 cidit
339 324 451 373 Iscccom
470 323 586 373 ludentem
606 340 656 372 eam
674 340 747 374 uxore
764 328 825 373 scat
847 325 908 387 (ib.)

195 448 253 499 488.
279 444 382 498 Littera
395 443 632 497 conversationem
646 449 771 496 mutuam
785 440 892 496 indicat
901 442 943 497 le-

136 521 228 593 gitimi
243 520 298 574 viri
312 535 377 573 cum
392 534 488 572 uxore.
529 516 572 571 Ad
590 524 710 571 mentem
725 533 790 572 vero
804 514 878 571 illud
892 517 943 572 ad-

132 594 287 666 'aptandum
298 595 364 658 erit,
376 591 452 665 quod
461 608 516 646 non
526 592 617 646 omnis
628 591 712 646 ludus
722 591 942 647 contemnendus

135 677 186 724 est.
219 668 377 741 Aliquando
387 684 507 738 namque
518 666 621 721 nobilis
632 675 714 737 atque
725 665 876 721 laudabilis
888 676 939 731 est,

134 744 362 815 quandoquidem
373 744 487 815 signum
497 750 538 797 est
553 742 727 796 innocentiae
736 749 763 796 et
773 742 941 797 sinceritatis

133 820 198 889 puri
214 820 337 873 convivii
352 817 458 881 cordis,
480 818 548 888 quia
562 816 684 887 simplex
697 824 723 871 et
733 814 939 872 infraudulenta

135 902 209 947 aetas
220 893 376 948 ludentium
386 890 556 964 (puerorum)
567 900 622 947 est:
642 888 679 965 [*]
695 890 770 948 unde
782 898 809 945 et
817 908 888 962 puer
899 892 941 964 (ac

134 967 266 1040 ludens*)
276 970 306 1023 in
316 967 375 1039 Gr.)
386 970 508 1039 primum
520 983 619 1024 nomen
630 967 713 1043 oepit.
729 982 764 1024 ex
793 982 828 1020 uo
838 984 941 1021 secun-

134 1043 203 1097 dum
212 1061 295 1098 usum
305 1051 447 1114 receptum
458 1051 485 1097 et
493 1040 680 1113 perfectorum
689 982 848 1096 tumultus
862 1050 941 1114 grata

133 1127 161 1172 et
180 1118 294 1174 honesta
313 1126 427 1173 vocatur
445 1117 546 1189 paedia
560 1116 702 1189 (relaxatio
718 1116 817 1181 animi,
843 1116 938 1181 luduS,

53 1251 58 1261 ,
133 1194 236 1267 iocus),
261 1195 342 1249 cuius
362 1194 553 1266 imparticipes
572 1199 599 1246 et
618 1191 777 1246 nullatenus
795 1195 940 1265 gustantes

133 1271 311 1339 reperiuntur
321 1268 387 1322 mali
399 1278 425 1323 et
436 1267 548 1334 lascivi,
570 1267 677 1321 tristem
688 1284 719 1321 ac
730 1266 884 1321 dolorosam
895 1268 941 1321 vi-

183 1408 206 1454 ⁸)
227 1409 310 1448 Ailndlt
328 1409 354 1447 ati
372 1408 465 1449 Graecas
482 1418 547 1448 voces
568 1412 628 1454 παῖς,
650 1418 716 1457 puer,
738 1405 829 1455 παίζων,
855 1409 938 1455 imas,
987 1432 993 1445 .

132 1460 188 1498 sicut
207 1462 228 1498 et
245 1460 308 1508 paulo
326 1464 375 1507 post
391 1457 472 1499 παιδιά.
497 1459 578 1499 Auch.

134 1692 272 1742 Cuiusmodi
293 1692 356 1741 lassas
372 1692 477 1756 videtur,
506 1711 574 1757 quem
587 1695 736 1760 prospiciens
752 1693 889 1744 Atimeleci
908 1693 939 1742 de

157 1759 271 1823 stanestra
283 1759 342 1808 cidit
354 1759 428 1809 Isaac
442 1761 558 1812 ludentem
571 1780 622 1812 oum
637 1779 710 1813 uxore
723 1779 769 1812 sua
776 1760 905 1810 Rebecca?

190 1880 248 1931 488.
277 1877 321 1933 Ex
335 1877 408 1932 dicto
423 1879 538 1949 quidem
553 1882 642 1936 coitus
657 1883 815 1937 insinuatur
829 1879 885 1934 viri
901 1878 938 1933 ad

130 1968 256 2006 uxorem.
295 1953 348 2008 Per
365 1953 580 2028 intelligentiam
599 1973 664 2012 vero
685 1957 862 2012 aestimamus
881 1971 937 2008 non

130 2045 241 2082 omnem
260 2029 353 2082 iocum
366 2029 594 2101 vituperabilem
621 2040 663 2086 est
677 2033 752 2086 enim
767 2038 794 2085 et
808 2045 937 2083 necessa-

130 2104 190 2157 rius
200 2119 250 2174 pro
261 2104 395 2174 auspiciis
405 2105 593 2170 innocentiae,
610 2107 798 2178 simplicitatis
810 2113 836 2159 et
848 2121 938 2176 purae

130 2178 323 2233 iucunditatis.
363 2179 419 2233 Nec
434 2182 509 2235 enim
524 2189 607 2235 vexat
623 2183 723 2236 astutia
738 2179 876 2252 puerilem
889 2196 938 2234 ae-

130 2260 224 2306 tatem.
264 2252 343 2308 Unde
353 2254 437 2308 etiam
447 2271 596 2326 puerorum
607 2256 758 2311 nominatio
768 2263 795 2310 et
805 2254 885 2311 lusus
895 2255 939 2308 si-

131 2329 210 2384 milat
222 2329 253 2383 in
264 2328 378 2384 Graeco.
418 2329 637 2402 Superveniente
648 2339 740 2386 autem
749 2329 938 2402 perfectorum

131 2403 313 2462 delectatione
323 2402 405 2460 facile
417 2407 618 2478 transiguntur.
658 2407 707 2461 Est
720 2407 803 2467 etiam
818 2406 848 2459 in
864 2406 937 2476 ipsis

130 2477 274 2542 iocositas,
296 2479 377 2533 onius
388 2478 551 2552 elongantur
561 2479 686 2534 malivoli
701 2498 804 2544 mores,
826 2480 935 2534 tristem

130 2552 218 2605 vitam
232 2561 357 2623 petentes
371 2562 398 2606 et
413 2555 533 2608 anxiam.
574 2552 698 2608 Studiosi
713 2572 778 2610 vero
791 2563 936 2626 praeterea

131 2622 303 2682 delectantur
323 2629 351 2682 in
372 2626 452 2681 honis
466 2628 598 2699 operibus
613 2643 735 2699 semper,
756 2646 811 2684 non
827 2638 935 2684 tantum
