2050 3100
54 322 98 386 [IL
110 323 172 390 itu]
252 327 292 372 IN
310 328 480 374 Exortum.
500 329 627 374 sunnio
646 331 665 373 Ι.
813 327 862 379 299

111 443 224 498 Menses
240 449 332 496 autem
346 449 375 496 et
388 456 477 496 annos·
486 459 541 498 nen
555 452 650 498 omnes
665 443 794 499 similiter
812 445 864 500 ha-

54 515 138 580 bent,
161 515 213 571 sed
226 515 367 570 aliasaiii:
388 517 503 587 quidam
513 517 667 573 secundum
677 519 776 582 solem,
797 521 863 590 qui-

54 590 121 646 dam
137 605 206 646 vero
220 589 374 646 secundum
390 591 495 646 irenam
537 591 628 663 Atque
645 592 715 647 ideo·
723 609 863 648 morum

54 664 194 720 festorum
212 665 330 721 cuitcres
345 665 383 720 de
394 667 541 738 principiis
556 669 621 722 anni
636 669 769 722 maome
787 684 863 722 asse-

55 750 135 804 runt,
163 741 304 813 principia
322 742 457 796 contraria
475 743 675 796 constituentes
689 743 863 798 circuiutioni

56 824 216 886 temporum
235 815 383 887 principiis
402 816 511 887 periodi
531 817 732 871 convenientia.
774 816 862 882 Quare

56 889 175 954 adiecit,
191 889 347 960 quodecim
357 897 451 948 metuis
460 889 769 963 commutescunt),
787 891 863 946 indi-

56 981 122 1019 cans
134 964 300 1019 distinctum
314 972 475 1036 certumque
485 973 639 1036 temporum
649 977 808 1030 numerum,
828 983 862 1020 ne

55 1040 84 1094 in
90 1039 295 1112 Aegyptiorum
306 1038 413 1094 abirent
423 1057 522 1103 morer,
535 1041 644 1094 mixtim
654 1041 683 1094 in
694 1041 806 1112 regione
816 1058 863 1096 co-

55 1131 119 1168 rum
135 1113 293 1168 habitantes
307 1113 508 1170 'consuetudine
525 1113 646 1169 seducti:
672 1113 748 1168 idem
766 1115 862 1170 voleus

54 1197 169 1259 tempus
180 1189 351 1260 principium
365 1205 426 1243 esse
441 1188 539 1244 mundi
553 1188 587 1242 ad
598 1189 816 1260 generationem,
837 1198 863 1242 et

55 1261 144 1318 huius
155 1261 247 1335 gentis
258 1280 307 1334 pro
317 1263 460 1318 mensibus
472 1265 617 1334 annisque.
642 1263 762 1332 Tempus
772 1269 863 1316 autem

56 1335 158 1392 mundi
170 1336 289 1401 conditi,
311 1339 336 1392 si
350 1339 414 1409 quis
429 1347 582 1409 opportuno
597 1337 734 1391 examinis
747 1335 863 1390 consilio

58 1421 142 1468 utens
153 1412 294 1482 inquirere
305 1411 373 1468 velit
385 1413 543 1477 veritatem,
560 1428 675 1465 vernum
685 1418 795 1480 tempus
805 1418 860 1475 est;

57 1487 112 1541 hoc
133 1487 208 1541 enim
226 1493 349 1558 tempore
368 1487 460 1541 omnia
482 1487 637 1542 universim
660 1483 808 1540 florescunt
832 1501 863 1538 ac

59 1563 264 1635 germinantur,
281 1570 308 1617 et
318 1579 382 1617 suos
392 1571 463 1617 terra
473 1562 608 1633 periectos
619 1569 731 1633 generat
741 1559 860 1614 fructus:

60 1636 132 1692 nihil
144 1644 236 1691 autem
245 1636 439 1708 imperfectum
449 1646 520 1701 erat,
533 1644 562 1692 ut
573 1636 648 1700 dixi,
660 1637 690 1690 in
698 1636 789 1707 prima
798 1652 864 1707 pro·

60 1712 198 1767 creatione
208 1712 411 1768 universorum.
439 1712 509 1766 Nam
520 1728 602 1783 opera
612 1710 674 1766 data
684 1711 863 1766 constitutum

61 1795 132 1850 erat,
154 1795 185 1840 ut
199 1802 267 1859 gens
282 1787 335 1841 ista
352 1788 455 1858 optime
473 1794 679 1841 conversaretur
698 1787 726 1839 in
746 1785 860 1850 mundo,

62 1862 156 1917 sortita
170 1862 311 1932 propriam
324 1871 430 1933 partem
444 1860 587 1916 meiicrem
599 1877 649 1932 pro
661 1860 764 1914 honore
773 1860 863 1931 pieta-

61 1938 111 1999 tis,
133 1952 261 2007 magnam
272 1936 343 1991 hanc
353 1937 465 1999 urbem,
485 1936 758 2006 munduminquam‚
778 1943 805 1989 et
815 1951 863 1988 ur-

62 2011 227 2075 hanitatem‚
248 2027 303 2082 qua
319 2012 525 2083 dispensatione
539 2011 609 2065 hene
626 2008 665 2083 [*]
675 2017 862 2064 conversatur.

64 2085 152 2153 Quare
167 2092 194 2140 et
208 2093 316 2157 tempus
331 2094 421 2141 ratum
436 2086 534 2140 habuit
549 2084 623 2139 idem
638 2101 699 2139 esse
713 2083 814 2138 debere
828 2082 863 2137 ad

65 2160 222 2215 memoriam
236 2160 332 2215 mundi
348 2162 484 2216 nascentis
499 2169 526 2213 et
541 2160 711 2233 cognationis
724 2176 786 2213 cum
798 2160 861 2219 isto,

65 2242 94 2289 ut
103 2236 193 2289 omnis
200 2238 334 2307 temporis
345 2236 516 2308 principium
526 2234 623 2289 itidem
633 2251 682 2288 ver
693 2235 739 2287 sit.
773 2232 862 2286 Simul

66 2307 519 2372 enimaefectusfueratmundus‚
538 2308 569 2363 id
579 2307 675 2375 fiebat3
699 2316 725 2362 et
734 2324 803 2380 gens
814 2324 864 2360 na-

66 2393 150 2438 turam
171 2384 283 2439 imitans
303 2387 519 2455 universamque
539 2383 609 2438 caeli
629 2382 863 2453 dispensationem

14 2480 24 2495 ·
67 2466 171 2530 tempus
182 2474 292 2529 quoque
303 2460 431 2515 similiter
441 2468 468 2514 et
478 2459 672 2513 convenienter
681 2472 745 2511 cum
759 2456 864 2509 mensi-

68 2533 118 2588 hus
138 2535 272 2604 annisque
297 2536 413 2605 aptavit,
443 2532 559 2588 eandem
583 2531 754 2603 praeferente
777 2543 863 2582 verno

69 2616 184 2679 tempore
194 2609 342 2672 rationem,
363 2626 434 2679 quae
445 2608 534 2663 fuerat
544 2616 571 2661 et
584 2608 613 2661 in
627 2604 731 2660 mundo
743 2601 864 2656 conden-

70 2682 111 2737 da.
133 2682 241 2737 Etenim
252 2682 286 2736 ad
297 2680 418 2738 hominis
429 2682 532 2755 (Masis)
542 2697 652 2744 vocem,
664 2694 720 2749 quc
729 2692 862 2746 umquam

70 2755 205 2828 oportebat
228 2764 335 2812 mutare
358 2755 543 2813 habitationes
571 2772 635 2809 suas
663 2752 699 2806 de
727 2749 861 2834 Aegypto,

72 2848 152 2901 quum
164 2830 320 2887 manifestis
333 2831 427 2887 verbis
442 2832 568 2904 persuasi
583 2836 661 2889 sunt,
684 2835 864 2894 transmrgra-
