2050 3100
161 277 177 327 a
289 277 386 323 enin.
405 276 479 322 run.
499 275 660 334 Quaeso.
679 275 729 320 nr
749 277 827 322 soc.
850 270 948 339 [nota]

161 378 303 441 convenit,
324 385 355 431 ut
369 375 438 430 deus
453 383 585 430 monstret
601 374 684 430 alicui
700 374 761 449 id*)
775 375 849 447 quod
867 386 950 448 potest

161 453 340 507 variationem
365 459 411 504 aut
434 451 613 505 mutationem
636 450 745 504 subire:
778 459 950 506 monstratum

161 528 237 582 enim
255 527 290 580 ab
308 525 476 579 immutabili
495 533 523 584 et
538 531 680 578 constante
697 525 829 578 exsistere
843 534 949 594 oportet.

161 601 240 668 Quod
260 608 351 655 autem
370 599 423 652 sub
442 600 593 653 mutatione
611 607 664 661 est,
686 605 717 652 ut
731 615 839 669 semper
852 598 951 654 fluxum

161 677 219 748 pati
229 676 351 738 solitum,
362 689 452 745 neque
462 674 602 746 propriam
613 690 643 726 ac
653 673 778 728 divinam
789 673 952 730 demonstra-

161 752 264 806 tionem
274 748 383 820 recipit.
540 755 544 760 '
606 761 610 769 ¹
719 751 721 756 ‘

160 883 166 906 ¹
195 873 244 924 Cur
257 873 330 922 dicit:
359 867 496 935 „Domina
520 869 721 933 accucdumqut'd
736 885 842 934 cascum,
863 871 926 934 quod

373 936 510 986 hereditobo
528 941 618 986 eam“?
640 939 693 998 (15,
712 937 750 997 8.)

218 1027 245 1080 2.
264 1023 402 1077 Indicium
412 1021 520 1093 quaerit
528 1038 578 1093 pro
589 1021 659 1076 scitu
670 1021 877 1092 promissionis·
903 1022 955 1077 Ve-

161 1116 223 1154 rum
237 1098 293 1152 duo
309 1097 504 1152 describuntur
523 1094 615 1150 studio
628 1094 732 1167 digna:
763 1112 862 1159 unum,
883 1097 956 1167 quod

163 1174 262 1227 mentis
277 1181 318 1227 est
332 1171 450 1235 allectio,
475 1171 587 1224 credere
601 1169 652 1224 deo
665 1171 742 1224 iuxta
755 1168 859 1224 dictum
878 1187 957 1240 prae-

163 1249 294 1315 missom;
321 1255 347 1302 et
356 1246 485 1309 alterutri,
502 1261 610 1299 summo
621 1243 759 1298 desiderio
769 1243 847 1308 lerri,
864 1252 957 1299 utnon

160 1323 286 1393 privetur
298 1323 380 1376 etiam
390 1321 479 1392 signis
493 1319 677 1388 quibusdam,
699 1318 802 1388 quibus
817 1318 958 1373 sensibili-

160 1405 202 1450 ter
217 1405 310 1450 uoscat
323 1394 558 1450 confirmationem
571 1393 773 1463 promissionis.
817 1393 861 1447 llli
882 1410 955 1448 vero.

161 1470 211 1540 qui
224 1471 365 1540 promisit,
387 1467 591 1522 venerationem
604 1466 770 1538 condignam
783 1475 901 1538 praestat
911 1485 960 1540 per

161 1543 280 1597 dictum:
315 1544 431 1597 Domina.
476 1541 540 1597 Seio
559 1541 633 1595 euim
652 1550 692 1607 te,
713 1541 794 1605 dicit¹
817 1542 959 1598 dominum
990 1588 993 1603 .

161 1618 374 1690 principemque
388 1617 595 1681 universorum,
615 1618 664 1689 qui
674 1618 757 1672 etiam
767 1619 858 1672 omnia
871 1627 960 1689 potes,

162 1700 189 1746 et
200 1708 253 1745 non
264 1700 305 1745 est
315 1690 389 1762 apud
402 1700 427 1745 te
438 1692 609 1761 impotentia.
647 1692 705 1763 Ego
716 1710 781 1746 sane
792 1694 844 1747 etsi
854 1692 962 1747 credidi

162 1767 219 1821 iam
233 1765 410 1838 promissioni
424 1774 501 1829 tuae,
521 1766 705 1821 nihilominus
718 1768 875 1837 optocitius
886 1784 964 1821 asse-

161 1842 226 1911 qui,
248 1841 271 1894 si
287 1856 342 1895 non
355 1840 593 1910 adimpletionem,
615 1848 688 1895 certe
700 1848 792 1895 tamen
806 1842 887 1914 signa
903 1845 966 1897 evi-

163 1916 269 1977 dentia,
302 1914 408 1985 quibus
431 1915 630 1969 consummatio
652 1915 801 1970 indicetur.
852 1917 966 1971 Etenim

163 1998 286 2044 creatura
298 2006 374 2052 sum;
401 1988 475 2064 quod
486 1990 510 2043 si
521 1990 603 2045 etiam
614 1990 643 2043 in
651 2006 790 2044 summam
800 1992 967 2061 perveniam

162 2065 339 2137 probitatem,
363 2066 497 2135 impetum
511 2061 549 2138 [Ἴ
567 2063 700 2119 desiderii
715 2082 823 2135 semper
838 2065 968 2120 detinere

163 2156 217 2194 non
228 2155 354 2211 possum,
376 2140 414 2193 ita
427 2146 470 2202 ut,
492 2147 638 2210 postquam
648 2138 767 2193 viderim
778 2139 888 2209 aliquid
898 2139 967 2195 boni

164 2222 211 2268 aut
225 2214 374 2277 audierim,
394 2212 472 2268 tarde
481 2222 511 2267 et
521 2230 574 2268 non
586 2214 678 2267 statim
687 2212 760 2267 illud
770 2216 906 2285 consequi
917 2232 970 2269 ve-

164 2289 224 2342 lim.
262 2288 327 2341 ldeo
345 2304 440 2359 precor
458 2289 583 2342 notitiam
598 2288 720 2358 aliquam
733 2288 803 2342 milri
819 2288 968 2360 praebere,

165 2381 212 2434 per
226 2376 310 2434 quam
325 2361 417 2417 futura
432 2362 663 2434 comprehendam
676 2363 736 2417 illa.

167 2501 247 2560 Quare
257 2502 327 2567 elicit:
345 2539 362 2566 „
368 2503 458 2568 Accipe
467 2504 526 2553 miti
533 2504 653 2553 iuvencam
666 2504 759 2554 trimum
775 2512 797 2553 et
809 2520 916 2567 capram
931 2505 974 2553 Μ’-

189 2588 251 2620 mom
260 2580 283 2620 et
292 2571 388 2621 arietem
398 2572 496 2634 trimum,
506 2580 619 2620 turturem
629 2580 651 2620 et
660 2572 825 2621 colonabcar“i
835 2576 894 2634 (15,
907 2578 948 2620 θλ

218 2676 245 2726 3.
274 2672 403 2744 Quinque
422 2680 554 2727 memorat
574 2672 717 2731 animalia.
745 2672 868 2743 quaein
891 2688 978 2726 sacro

163 2762 374 2785 ——A

217 2813 238 2861 ')
251 2824 270 2855 ι.
282 2818 409 2855 mucor
421 2813 571 2861 outflourelor
584 2812 638 2851 velut
650 2812 741 2859 aitqua,
757 2814 813 2859 qood
821 2815 863 2871 etc
