2050 3100
652 104 659 129 l

63 167 109 233 [11,
121 163 179 229 aa]
379 170 429 217 on
447 133 552 219 rora.
813 168 861 221 aaa

63 271 221 328 Salutarem
234 268 356 340 prolecto
371 287 483 325 manum
497 279 573 327 tuam
582 277 609 325 et
620 287 651 326 os
660 280 818 343 promptum
827 274 863 329 ad

63 354 222 419 peccatores
241 342 457 416 profugiumqua
477 344 648 419 fugientibus
666 356 693 402 et
706 347 864 421 benignita·

63 431 121 477 tarn
130 436 197 492 erga
207 436 267 484 eoa,
279 436 349 491 quos
358 420 488 491 expediat
497 421 602 493 legere,
618 420 724 477 discant
734 422 793 495 (per
803 440 864 479 mea

62 495 178 567 scripta)
198 510 277 549 aures
297 493 450 552 hominum.
489 494 639 563 Quantavis
660 496 734 567 apud
752 506 779 551 ta
796 515 864 569 sup-

62 572 153 643 plicia
167 570 236 634 siut,
258 568 439 625 nibilominus
454 570 638 643 benignitates
648 572 860 642 superveniunt:

62 657 178 716 torques
199 642 314 730 ¹quidem
334 653 492 715 peccantem
510 645 637 702 iudiciali
657 646 711 711 ira,
740 656 768 703 at
786 646 863 705 loves

63 739 129 776 eum
149 735 225 791 regio
244 735 344 775 amore.

119 838 165 892 al.
175 834 244 903 Quis
253 835 359 898 enim,a
370 832 449 890 nobis
459 833 581 899 edoctus,
589 851 624 889 ne
635 835 759 913 aufugiat
768 838 862 905 deum,

63 912 160 985 lugam
170 908 320 982 cogitabit?
338 908 391 975 Qui
401 916 490 963 autem
501 910 531 961 in
546 916 605 963 ceto
619 919 738 966 nostram
752 914 863 987 suppli-

62 989 168 1041 ciosam
185 985 390 1041 immersionem
407 992 435 1039 et
452 1000 488 1041 ex
501 984 608 1047 bestiae
627 983 718 1040 lurore
737 987 862 1045 illaesam

61 1078 176 1116 rursum
189 1060 361 1114 eductionem
377 1056 608 1131 (contempletur),
631 1058 722 1114 credat
732 1063 861 1119 omnibus

63 1132 102 1213 [*]
119 1144 147 1189 et
160 1136 271 1190 omnino
286 1134 472 1196 lucidissime,
493 1134 535 1187 sio
547 1131 582 1186 de
593 1134 646 1186 ceti
656 1135 789 1192 miraculo
798 1154 862 1208 per-

62 1228 165 1265 suasus
189 1208 310 1264 emolliet
327 1208 459 1271 lurorem,
484 1206 583 1262 videns
603 1207 663 1261 sine
682 1210 747 1264 aere·
762 1212 861 1266 nutriri

61 1287 218 1341 bominem:
250 1284 380 1355 quoniam
401 1282 453 1337 hoc
477 1282 687 1348 demonstravit,
718 1284 792 1355 quod
813 1286 862 1341 ille

62 1359 145 1432 alit*)
160 1361 189 1415 in
204 1368 275 1416 terra
289 1359 440 1421 terrestria,
461 1358 532 1412 etin
545 1358 614 1411 mari
625 1358 770 1428 aquatilia,
791 1368 862 1416 etex

62 1439 124 1491 aera
134 1433 245 1507 (avibus
255 1433 369 1507 victum)
379 1441 406 1489 et
415 1431 495 1487 nobis
509 1430 717 1507 respirationem
731 1443 860 1509 praestat.

117 1564 163 1618 25.
184 1561 265 1616 Porro
283 1561 313 1615 in
331 1560 430 1632 primis
442 1558 562 1614 saeculis
577 1559 797 1632 erga-Noaobum
811 1561 863 1616 be·
924 1599 927 1608 -

60 1638 185 1711 nignitaa
195 1644 241 1691 tua
251 1636 382 1690 noscitur.
422 1634 567 1706 Siquidem
577 1651 624 1700 ne,
640 1635 770 1691 universo
779 1653 861 1692 mun·
912 1683 918 1696 .

60 1714 97 1768 do
112 1712 195 1783 aquis
209 1710 342 1766 dissoluto
357 1711 448 1783 iisqua
464 1711 514 1782 qui
534 1727 617 1782 super
635 1726 698 1764 eum
717 1711 861 1774 alebantur

60 1786 232 1851 submersis,
252 1786 377 1857 superari
392 1785 496 1841 videris
505 1786 657 1858 sapientiae
667 1793 724 1842 arte
733 1787 861 1860 ingenio-

61 1880 109 1925 aa,
121 1863 194 1916 inter
204 1861 248 1916 vel
258 1862 334 1932 ipsos
344 1861 467 1933 gurgites
476 1860 615 1917 bominem
625 1860 791 1919 incolumem
801 1879 861 1918 aer*-

60 1937 150 2000 vasti,
171 1953 221 2008 pro
234 1936 299 1990 navi
312 1935 464 1992 eoncedens
478 1937 506 1990 ei
519 1953 609 1990 arcam
623 1945 650 1991 et
663 1952 712 2008 pro
723 1938 860 1994 navarcho

62 2011 265 2084 providentiam
277 2019 351 2066 tuam
360 2009 536 2082 praeficiens,
557 2019 589 2065 ut
602 2011 717 2066 secundi
728 2013 789 2067 aevi
800 2011 857 2077 ille,

61 2089 112 2158 qni
126 2087 252 2141 salvatus
264 2085 330 2150 fuit,
351 2086 521 2157 principium
534 2086 619 2140 lieret.
658 2085 793 2152 Quoniam
808 2086 860 2142 hoo

62 2160 134 2217 lacto
154 2162 238 2216 etiarn
256 2159 441 2232 tremendi**)
459 2161 535 2232 ignis
549 2162 708 2215 memoriam
722 2161 860 2216 secundae

112 2301 135 2350 ¹>
156 2302 234 2342 Rullus
251 2311 326 2342 sunm
342 2303 366 2341 ln
381 2301 416 2340 hl·
432 2300 504 2340 vorbis
522 2301 576 2340 mlbl
592 2300 671 2348 antula,
698 2302 739 2340 nial
752 2302 807 2340 forta
820 2311 858 2350 pro

59 2353 173 2404 animan
189 2353 302 2401 legendum
318 2355 359 2393 erit
374 2353 472 2397 ostenuit,
493 2353 626 2392 monstravit:
649 2361 689 2390 neo
706 2352 729 2390 lu
744 2352 858 2400 sufficeret,

59 2405 103 2443 nlsl
112 2403 249 2454 ,adulatorem
262 2407 284 2445 et
297 2403 387 2442 alterum
399 2402 498 2451 verbum,
511 2403 560 2448 alit,
575 2401 724 2452 praetermisso
734 2403 771 2438 ait.
798 2400 858 2440 Alias

59 2456 92 2494 ale
113 2456 171 2498 turta
190 2454 312 2493 addendas
333 2456 390 2493 esset
410 2453 480 2492 heus:
515 2453 569 2492 Beue
586 2453 656 2500 potuit
673 2452 733 2489 ettam
749 2451 794 2489 atae
810 2453 859 2490 atre

59 2507 141 2544 natm
154 2506 268 2550 bominem
288 2507 346 2551 atre,
367 2506 462 2553 tuom,
484 2513 524 2552 qua
538 2503 624 2551 capum
636 2503 659 2540 ta
671 2505 730 2540 tarro
742 2502 856 2548 anestia,

60 2560 79 2596 et
92 2557 116 2596 ἀι
127 2555 186 2598 Μ
198 2557 313 2605 wamma,
335 2557 388 2594 strat
402 2557 423 2594 et
438 2564 466 2594 ex
481 2556 530 2594 atre
542 2553 701 2603 resolutionem
713 2552 796 2594 uanum
807 2562 833 2591 aa
848 2573 858 2582 ·

59 2608 141 2655 pentat
150 2612 191 2655 pa·
203 2610 291 2646 omum.
316 2604 398 2646 Auoh.
827 2626 830 2634 ·

112 2671 149 2720 n)
170 2673 205 2712 Ad
221 2674 322 2712 verbum:
347 2674 428 2718 intueat
453 2682 496 2720 quo
512 2673 584 2720 potant
596 2669 686 2718 lntalllel
698 2669 770 2718 tuque
782 2671 857 2710 missos

60 2725 131 2764 lnlm
143 2725 268 2772 mutas
280 2734 359 2774 numos
371 2725 394 2764 tu
405 2725 485 2773 lenam.
511 2721 592 2762 Auula.

95 2775 209 2826 l‘rrrno
228 2775 289 2827 Vll.
322 2771 325 2775 ’
605 2769 653 2820 Ea
