2050 3100
156 173 188 225 66
278 178 376 223 PHIL.
396 168 470 223 IllD.
491 176 650 234 QUAEST.
669 175 719 221 ET
739 175 818 221 sot.
844 169 968 256 [113243]

154 294 278 351 pernam.
317 277 419 333 Verum
433 294 489 334 una
504 294 568 334 cum
585 276 685 348 primis
698 276 851 331 virtutibus
865 294 967 334 ennu-

154 361 288 415 meratus‚
310 353 430 409 creativa
440 353 574 407 nimirum
583 359 611 407 et
620 350 711 422 regia,
732 351 966 423 trinamepperi-

155 428 258 483 tionem
266 435 394 497 operatur
404 426 559 485 intellectui
568 426 700 484 humana.
736 426 849 483 lsenim
858 429 966 497 nequit

54 509 56 511 ’
154 511 210 559 tam
221 510 317 559 acutus
328 518 388 557 esse
397 501 476 566 visu,
496 501 633 565 utillum,
654 500 705 571 qul
717 508 829 576 superat
839 501 964 558 virtutes

155 578 211 633 sibi
222 577 390 640 assistentes,
397 576 474 633 velut
483 576 647 634 distinctum
655 574 740 630 deum
750 574 847 632 videre
856 577 961 646 possit.

154 653 189 708 Ut
203 668 268 725 ergo
283 653 435 711 intueretur
449 650 551 715 deum,
574 668 631 706 une
643 667 709 708 cum
725 649 776 705 illc
792 650 962 706 exsistentes

155 734 287 799 apparent
296 734 323 784 et
332 727 449 781 virtutes
461 726 620 789 ministrae,
639 742 672 780 ec
685 725 711 778 si
724 741 775 798 pro
788 742 845 780 une
858 723 961 780 triadis

156 802 357 873 apparitionem
366 800 477 859 iaceret.
517 802 587 858 Nam
596 799 708 871 nenda
717 799 873 853 intellectus
884 798 961 853 inci-

156 878 216 948 piat
224 877 350 948 accipere
360 884 462 937 certam
472 874 722 947 apprehensionem
734 873 769 931 de
782 873 866 937 Este,
887 873 961 930 illuc

156 959 182 1005 et
197 952 257 1023 ipse
272 952 432 1022 pervenisse
450 950 629 1023 intelligitur,
655 948 826 1021 singularem
843 964 874 1001 se
892 947 960 1007 reel-

156 1026 240 1091 dens,
261 1026 678 1097 atqueutprimusetprinaeps
690 1040 841 1095 apparens,
861 1038 956 1092 quern,

156 1108 187 1157 ut
200 1100 284 1172 paulo
297 1110 361 1157 ente
375 1100 452 1165 dixi,
472 1101 535 1158 sine
548 1100 635 1158 ullius
648 1099 780 1155 societate
793 1096 889 1153 videre
901 1113 959 1151 non

156 1183 261 1247 peterat
275 1174 428 1248 (Abraham
442 1174 486 1233 uel
506 1174 644 1246 mimus),
664 1174 721 1227 nisi
735 1188 799 1229 cum
812 1172 863 1235 iis,
883 1188 958 1241 quae

156 1268 220 1307 cum
233 1251 282 1309 illo
295 1252 433 1311 exsistunt
451 1250 528 1309 illice
545 1250 661 1305 virtutes
678 1248 798 1319 primae,
825 1247 955 1310 erectius,

156 1343 227 1397 quse
242 1325 455 1396 voceturdeus,
473 1333 501 1381 et
517 1324 608 1396 regie,
631 1340 704 1395 quae
716 1322 849 1381 comm
859 1321 958 1392 appet-

156 1402 237 1455 latur.

211 1501 290 1568 Quod
306 1510 397 1556 entem
412 1502 495 1556 dieite
516 1501 635 1556 Eleceeit
648 1504 748 1569 enaim,
766 1518 821 1558 non
835 1504 957 1574 corporis

156 1577 262 1646 inquit,
285 1577 441 1630 assensibus
449 1577 526 1630 enirn
534 1576 604 1630 deus
613 1575 705 1630 videri
715 1595 770 1632 nen
783 1586 885 1648 potest,
906 1578 957 1632 sed

158 1650 192 1705 nb
204 1650 308 1718 enima3
324 1659 477 1721 oppertuno
490 1651 566 1705 enim
575 1660 697 1723 tempore
707 1653 859 1723 sapientiae
868 1652 958 1707 oculis

157 1725 288 1780 cernitur.
327 1725 429 1780 Verum
443 1725 593 1780 multarum
605 1743 756 1797 eurumque
768 1724 804 1802 [*]
817 1726 959 1798 improba-

157 1817 219 1855 rum
234 1799 387 1854 animarum
402 1799 480 1854 uisus
493 1817 605 1872 semper
611 1801 716 1856 occlusi
727 1809 804 1866 sunt,
826 1802 959 1878 quonism

157 1876 187 1928 in
199 1874 253 1928 alte
262 1891 360 1928 scinne
368 1875 458 1929 iacent
473 1882 500 1930 et
514 1883 656 1947 nequeunt
667 1892 800 1946 umquem
813 1877 920 1931 resilire
931 1885 959 1931 et

158 1948 338 2021 expergefieri
352 1949 387 2004 ael
401 1957 513 2004 naturae
528 1968 572 2005 res
586 1958 614 2005 et
627 1967 700 2022 quae
712 1951 743 2003 in
753 1967 785 2004 ee
799 1960 865 2004 sunt
878 1950 958 2006 ideae

159 2033 185 2078 et
207 2025 407 2095 perceptiones.
452 2025 593 2097 Sapientis
614 2043 680 2080 vero
701 2025 861 2096 spirituales
883 2026 960 2081 oculi

159 2098 344 2172 expergefacti
354 2101 540 2172 perspiciunt,
562 2100 619 2155 imo
628 2101 689 2154 sine
702 2116 799 2154 somne
810 2100 960 2172 vigilantes

158 2181 235 2237 sunt,
257 2173 296 2229 eb
308 2174 478 2230 desiderium
492 2175 608 2230 uidendi
623 2174 779 2230 resilientes
792 2173 827 2228 ad
837 2175 960 2247 vigilen-

159 2250 234 2303 tiam.
274 2248 364 2315 Quare
375 2249 560 2304 benedictum
571 2257 613 2304 est
625 2250 655 2303 in
665 2249 781 2320 plureli,
804 2267 858 2311 nnn
870 2266 959 2304 unum

160 2323 283 2378 elevasse
298 2324 423 2389 oculum,
445 2325 494 2380 sed
509 2325 603 2379 oculos
614 2324 773 2388 universos,
795 2325 844 2394 qui
858 2325 887 2377 in
898 2325 960 2378 ani-

158 2415 202 2451 mo
221 2407 298 2464 sunt,
328 2400 367 2454 ite
386 2407 417 2454 ut
435 2406 523 2454 totum
542 2399 661 2464 totaliter
679 2398 792 2452 oculum
814 2415 875 2453 esse
895 2416 968 2453 eum*

159 2472 273 2528 dixeris.
313 2474 417 2530 Oculus
427 2475 513 2546 igitur
525 2472 612 2527 factus
623 2472 723 2543 incipit
732 2472 828 2527 videre
838 2472 959 2528 domini-

158 2565 232 2613 cem,
258 2558 380 2606 sanctam
398 2548 581 2618 divinamque
598 2547 750 2610 visionem,
778 2564 812 2605 ee
829 2548 910 2606 modo
928 2555 959 2601 ut

133 2645 137 2653 ·
159 2624 240 2678 unice
251 2625 323 2681 visio
333 2632 476 2694 appareret
485 2623 511 2678 ei
521 2623 595 2682 sicut
604 2621 755 2682 trinitas.et
764 2622 873 2682 trinitas
883 2622 960 2678 velen

158 2697 260 2751 unitas.
