2050 3100
490 234 514 279 V

104 348 181 405 nobis
191 349 346 421 neglectam
356 366 431 414 esse,
452 366 523 420 quae
535 351 717 415 cumeafide,
737 354 900 423 queiiaica·

100 456 167 496 num
180 425 289 497 textum
302 442 400 496 Latine
414 441 547 497 exhibere
562 443 738 508 volebamus,
763 454 836 500 sture
849 462 900 501 ne·

99 548 239 605 quaquam
258 540 374 605 poterat.
422 532 495 599 Quos
519 550 585 588 vero
608 535 681 589 locos
704 536 742 589 ite
761 539 899 608 expressit

98 627 251 697 interpres,
281 632 313 679 ut
331 623 426 679 nullus
450 624 517 678 indo
537 637 638 679 sensus
656 626 772 681 extundi
793 637 895 699 posset,

98 733 156 781 eos,
186 724 296 770 servato
312 714 446 771 Heioanae
463 712 600 771 versionis
619 715 716 771 ordine
734 727 762 773 et
780 719 897 775 verbum

96 807 181 863 verbo
200 805 270 861 κατὰ
288 805 364 869 τάξιν
382 806 542 871 reddentes,
563 807 660 862 Latine
678 813 897 881 repraesentati·

96 916 172 961 mus,
186 896 291 952 additis
301 897 537 963 adnotationibus,
548 915 620 971 quas
630 899 684 955 loci
694 902 896 972 corruptionem

95 990 264 1045 indicarent:
277 988 363 1059 idque
373 1006 404 1044 eo
414 990 543 1054 consilio,
558 998 605 1055 ut,
616 989 701 1061 siqui
711 992 896 1048 nobiserudi-

94 1083 178 1137 tiores
188 1080 273 1136 aliam
283 1081 402 1152 experiri
414 1080 531 1145 vellent,
548 1081 658 1135 meliori
667 1095 762 1137 eorum
773 1083 895 1139 locorum

96 1172 316 1245 interpretationi
338 1170 517 1243 proferendae
534 1184 647 1243 operam
665 1172 798 1227 darent.“
838 1176 895 1238 „id

98 1264 203 1328 enim,“
215 1262 295 1318 addit
304 1264 505 1335 inpraeiationa
511 1263 634 1317 secundo
640 1265 723 1320 Temo
731 1265 891 1334 praemissa,

96 1355 255 1429 „religiose
270 1372 285 1409 a
300 1370 344 1409 mo
357 1356 478 1427 postulat
493 1370 640 1411 commune
651 1354 821 1410 eruditorum
831 1357 893 1428 pla·

91 1447 194 1511 citum,
211 1454 243 1501 ut
252 1446 374 1502 nativam
384 1449 502 1503 auctoris
513 1446 636 1521 effigiem
645 1447 795 1519 ipsissimis
805 1448 894 1505 linea-

90 1538 194 1594 mentis
209 1555 369 1611 expressam
382 1540 412 1596 in
422 1540 499 1596 Latio
513 1539 653 1605 videntes,
674 1557 808 1614 eumque,
829 1542 894 1598 licet

89 1631 210 1686 barbare
224 1631 377 1696 interdum,
397 1633 474 1704 loqui
491 1632 650 1697 audientes,
667 1633 728 1687 eius
742 1634 892 1688 sententias

90 1720 366 1795 possintexpiscari,
388 1732 470 1794 etque
489 1732 549 1778 tum
568 1723 603 1778 ds
617 1724 720 1779 Graeco
735 1724 892 1779 desiderato

91 1821 185 1879 textu,
206 1822 264 1869 tum
275 1814 310 1869 de
319 1813 452 1870 Armenes
465 1815 591 1870 lectionis
602 1815 675 1870 fide.
687 1856 696 1869 .
709 1856 716 1868 .
728 1817 835 1887 possint
845 1831 893 1870 ae·-

93 1919 180 1975 quum
193 1903 265 1960 ferre
277 1904 451 1960 iudicium.⁴‘
466 1933 504 1948 ω
518 1907 555 1961 Da
569 1906 762 1971 codicibus,
786 1907 891 1978 quibus

92 2011 160 2050 usus
179 2005 222 2052 est
240 1995 363 2061 Aucber,
389 1995 424 2051 ad
443 1999 520 2052 Toni.
539 1999 562 2052 1.
582 1997 650 2052 haec
672 1996 768 2053 refert:
799 2000 891 2062 „Tres

91 2087 172 2142 nobis
182 2086 268 2142 oblati
282 2086 405 2144 suerunt:
421 2103 539 2159 quorum
548 2105 636 2142 unum
645 2089 695 2143 vix
703 2088 888 2159 possidemus,

90 2179 147 2232 nisi
158 2196 193 2233 ex
201 2187 280 2250 perte
293 2181 516 2252 transscriptum3
532 2179 649 2234 alterum
661 2179 810 2246 babemus,
825 2197 891 2251 per-

90 2270 140 2324 tim
155 2269 191 2324 ab
205 2286 275 2334 uno,
296 2268 397 2338 partim
411 2267 446 2324 ab
460 2269 545 2328 altero
558 2272 719 2326 amanuensi
732 2280 886 2337 exaretum3

89 2358 203 2412 tertium
212 2356 353 2430 prioribus
363 2361 422 2416 iure
434 2361 660 2434 praeferendum,
672 2363 753 2428 olim,
764 2381 835 2418 anne
844 2363 889 2417 vi-

90 2447 192 2504 delicet
208 2447 311 2506 Christi
329 2452 389 2507 ⁴79⁴
407 2461 433 2508 et
449 2456 513 2514 4792
528 2473 545 2509 a
562 2455 643 2510 nobis
657 2455 750 2509 visum
769 2464 796 2508 et
817 2456 889 2509 inte-

90 2555 137 2613 gre
154 2543 380 2614 transscriptum,
401 2560 484 2615 quem
496 2546 607 2601 tandem
620 2546 680 2604 teat
698 2545 889 2615 donoaccepi-

88 2648 163 2686 mus.
189 2631 234 2686 Ad
243 2633 316 2688 hunc
329 2633 452 2690 codicem
465 2636 698 2708 pretiosissimum
707 2633 817 2702 exigere
828 2633 889 2702 pla-

88 2724 148 2778 cuit
155 2721 284 2778 Philonis
297 2741 380 2796 opera
394 2727 502 2782 anobis
513 2727 634 2790 edenda,
654 2721 815 2795 praesertim
824 2738 891 2776 vero
