2050 3100
202 271 424 340 [11,498.]
567 276 648 321 IN
681 276 1018 321 EXODUM.
1058 275 1311 322 SERMO
1348 278 1408 322 11.
1702 271 1801 325 3:15

199 396 361 434 mum
380 377 628 432 omnium
648 377 862 432 caelum
877 418 890 440 ,
915 375 1014 431 sed
1035 394 1202 448 super
1220 395 1409 432 omnes
1431 378 1630 433 caelos,
1674 378 1803 433 Post

201 463 390 510 autem
419 452 688 506 mundum
717 469 824 506 non
852 459 936 506 est
955 451 1137 516 locuS,
1180 452 1278 506 sed
1301 453 1459 508 deus,
1538 453 1805 514 Constan-

198 532 341 585 tiam
378 545 508 582 vero
546 527 1041 599 transmigrationis
1080 525 1326 582 decernit
1370 545 1469 599 per
1505 528 1804 583 dictionem

202 605 334 659 Esto
363 607 459 666 ibi,
511 602 628 657 loco
657 610 929 656 carentem
959 601 1337 657 demonstrans
1372 603 1806 658 immutabilem-

200 696 317 750 que
347 678 527 732 divini
557 678 663 731 loci
691 677 1106 744 habitationem.
1193 676 1463 742 Quoniam
1503 679 1562 732 in
1597 679 1804 750 quibus

200 754 316 809 fuit
343 753 542 807 vitium
573 753 820 828 cito-sese
839 751 1077 805 satiandi
1098 754 1582 824 contemplatione,
1625 754 1806 808 modi-

201 845 336 884 cum
371 845 589 881 sursum
627 827 872 881 volantes
910 825 1001 880 dei
1040 826 1375 892 initiatione,
1424 829 1608 883 statim
1635 838 1807 884 retro-

201 911 516 966 cesserunt,
559 919 666 956 non
695 910 908 956 tantum
936 901 1210 966 volanteS‚
1254 911 1521 972 quantum
1550 904 1805 959 deorsum

199 978 392 1041 tracti,
437 994 634 1049 nempe
664 978 722 1030 in
763 977 972 1031 Tartari
1009 975 1460 1046 profunditatem.
1538 978 1646 1044 Qui
1676 996 1805 1034 vero

199 1071 316 1108 non
356 1051 588 1107 redeunt
626 1069 654 1105 a
691 1059 876 1105 sancta
914 1051 1217 1122 divinaque
1258 1053 1508 1116 civitate,
1549 1055 1608 1107 in
1638 1071 1804 1124 quam

198 1129 690 1199 transmigrarunt,
732 1126 1029 1197 principali
1052 1125 1191 1180 duce
1213 1127 1303 1180 usi
1330 1135 1458 1181 sunt
1487 1127 1589 1182 deo
1618 1129 1677 1183 in
1704 1129 1805 1182 ha-
1906 1147 1933 1163 ν

198 1204 528 1258 bitationeln
555 1210 909 1257 constantem.

313 1351 409 1401 Cur
449 1352 500 1400 in
535 1351 706 1401 tabulis
741 1351 942 1416 lapideis
975 1349 1209 1400 mandata
1240 1349 1537 1398 scribuntur?
1587 1350 1703 1410 (ib.)

320 1456 404 1509 4⁴.
447 1453 703 1508 Tabellae
732 1461 785 1508 et
805 1454 937 1508 libri
957 1451 1368 1507 manufacturae
1388 1459 1544 1516 sunt,
1588 1460 1641 1505 et
1662 1468 1803 1522 quae

203 1532 263 1585 in
295 1530 419 1585 istis
449 1538 577 1584 sunt
602 1530 832 1601 scripta,
877 1529 1113 1585 faciliter
1135 1535 1583 1599 corrumpuntur3
1627 1544 1805 1599 quon·

202 1608 317 1661 iam
338 1606 398 1659 in
419 1605 638 1659 tabellis
651 1622 774 1660 cera
795 1613 876 1660 est
899 1605 1060 1660 facile
1082 1604 1425 1659 defricabilis
1446 1612 1499 1658 et
1518 1604 1577 1657 in
1599 1604 1803 1658 chartis

200 1682 487 1736 character
504 1698 650 1734 nuno
676 1682 954 1752 spargitur
968 1721 980 1744 ,
1011 1697 1161 1734 nunc
1180 1675 1519 1734 subobscure
1541 1681 1801 1734 cernitur.

199 1757 274 1811 At
303 1760 500 1823 lapides
526 1763 644 1809 tum
674 1763 897 1810 naturae
926 1763 1056 1809 sunt
1084 1772 1275 1827 opera,
1319 1754 1521 1826 exiguo
1542 1754 1726 1809 labore
1746 1756 1804 1808 in

199 1830 466 1886 tabellam
492 1827 564 1903 [³⁵]
588 1830 824 1895 redacti,
863 1838 982 1885 tum
1003 1830 1061 1883 in
1085 1829 1366 1902 lapidibus
1387 1831 1673 1901 perpolitis
1696 1830 1805 1885 for-

201 1901 804 1977 mae'characteresque
837 1905 894 1958 in
930 1905 1001 1958 iis
1038 1906 1244 1960 exarati
1281 1906 1534 1977 perpetui
1575 1914 1703 1959 sunt
1742 1923 1804 1959 ac

201 1990 512 2056 constantes
538 1990 759 2052 propter
789 1980 1122 2034 soliditatem
1172 1981 1451 2035 materiae.
1513 1995 1518 2002 ·
1550 1980 1803 2035 Secundo

200 2056 326 2109 fieri
346 2072 454 2110 non
481 2063 716 2126 poterat,
759 2063 821 2109 ut
847 2055 1039 2109 divina
1062 2063 1348 2126 praecepta
1369 2056 1427 2109 in
1450 2055 1653 2109 abditis
1674 2056 1803 2126 qui-

198 2130 443 2185 busdam
480 2131 615 2185 locis
657 2131 910 2193 laterent,
973 2130 1230 2184 evitando
1266 2147 1555 2185 occursum
1592 2146 1796 2193 eorum,

198 2205 304 2277 qui
334 2204 618 2260 studerent
646 2205 838 2260 videre
867 2212 1031 2275 atque
1066 2204 1279 2259 discere
1317 2206 1442 2268 illa,
1495 2205 1593 2259 sed
1619 2206 1801 2275 palam

200 2281 409 2351 exponi
439 2288 601 2351 atque
634 2279 977 2334 circumferri
1003 2279 1314 2335 manifeste.
1392 2279 1542 2345 Quae
1572 2297 1698 2335 vero
1718 2278 1802 2334 fo-

198 2374 292 2410 ras
312 2354 539 2426 publice
560 2354 885 2410 celebranda
907 2362 1091 2409 essent
1104 2396 1117 2418 ,
1159 2355 1441 2425 oportebat
1460 2354 1662 2409 habere
1682 2371 1801 2408 ma-

197 2431 398 2485 teriam
429 2429 622 2484 duram
652 2448 682 2485 c
717 2438 836 2484 ntra
865 2429 999 2483 solis
1020 2438 1232 2485 aestum
1251 2430 1680 2501 pluviarumque
1701 2428 1801 2483 ad-

197 2513 461 2560 ventum:
505 2506 581 2559 ita
601 2514 662 2559 ut
720 2504 1031 2559 ostmodum
1053 2506 1111 2558 in
1132 2522 1254 2559 arca
1275 2505 1566 2559 collocatae
1587 2504 1698 2557 sint
1717 2511 1800 2557 ta·-

199 2580 369 2634 bulae
403 2579 674 2651 lapideae.
762 2581 944 2635 Tertio
979 2583 1213 2647 lapideae
1249 2587 1378 2633 sunt
1418 2580 1648 2639 tabulae,
1718 2577 1800 2632 la·-

198 2653 364 2727 pidea
389 2656 746 2710 constantiam
768 2654 1074 2717 indicante,
1117 2654 1303 2708 tabula
1332 2667 1459 2707 vero
1486 2652 1801 2706 inconstan-

197 2731 362 2797 tiam;
396 2747 522 2784 nam
543 2730 730 2784 tabula
752 2738 861 2784 tam
883 2728 1047 2783 facile
1066 2728 1328 2782 scribitur
1342 2768 1354 2791 ,
1376 2741 1543 2795 quam
1563 2725 1795 2780 deletur.

199 2803 362 2871 Quod
392 2813 476 2860 est
503 2805 816 2879 symbolum
842 2803 1223 2859 observantiae
1244 2809 1298 2856 et
1318 2799 1697 2855 dissolutionis
1719 2801 1799 2856 le-
