2050 3100
113 104 163 158 366
228 108 328 154 PHIL.
349 107 421 153 lUD.
442 105 605 163 QUAEST.
622 104 673 151 ΕΤ
696 104 775 149 SOL.
796 98 839 164 ΠΙ,
850 101 918 167 521]
1015 131 1016 152 1

112 209 222 267 cordiae
239 216 351 263 sumunt
366 206 401 261 ad
418 203 641 261 constituendum
656 205 739 259 unius
757 206 823 259 anni
842 212 924 261 tem-
1015 195 1016 258 J

114 302 181 358 pus:
216 291 343 339 utverna
358 289 518 352 tempestate
531 280 623 344 Aries,
645 280 764 344 Taurus,
786 280 921 351 Gemini3
1015 273 1016 294 ³

112 358 210 415 itidem
220 365 321 413 aestate
332 356 448 420 Cancer,
465 356 534 421 Leo,
549 356 646 427 Virgo,
673 363 700 409 ot
709 363 858 410 auctumno
869 357 926 411 Iu-

113 450 193 507 gum,
215 432 342 504 Scorpio,
363 430 542 504 Sagittarium
579 438 662 501 atque
680 429 798 486 hiberno
816 430 926 501 Capri·

117 525 229 571 cornus,
246 507 397 579 Aquarius,
419 508 523 562 Pisces.
562 500 925 578 Signorumveiofiguram

115 590 295 653 naturamque
305 581 448 637 assimulat
456 586 532 645 cuci,
552 580 666 636 sonasse
675 580 837 653 quodprius
846 582 926 650 pul·
1015 593 1016 640 ξ

114 658 183 713 lulat
192 674 251 713 nux
260 666 287 712 et
296 657 471 730 postmodum
481 655 611 711 florescit.
648 657 771 719 Fatetur,
785 654 862 727 quod
875 666 926 713 et·

113 734 169 789 iam
183 740 294 804 propter
308 749 389 788 voces
407 731 580 789 harmonicas
598 731 628 785 in
647 739 724 786 motu
743 730 826 796 iacto,
857 748 926 787 non

114 808 188 864 enim
198 808 295 881 ignoro
305 808 384 863 nucis
395 824 494 863 nomen
505 808 535 861 in
548 807 719 878 praoooniois
732 805 923 872 celebratum,

113 883 179 955 quia
198 890 292 939 cortex
310 885 370 938 cius
389 883 458 939 solet
477 883 598 937 sonitum
616 898 649 936 ao
667 883 803 953 crepitum
818 878 925 937 edero.
1015 929 1016 932 ,

113 958 272 1027 Spltcoroa'da
287 966 377 1014 autem
391 966 557 1021 contortum,
580 956 712 1028 quoniam
720 955 875 1029 quodquod
890 958 927 1013 in
1015 949 1016 1012 Ῠ

115 1035 191 1089 caelo
201 1041 251 1099 est,
264 1042 351 1103 totum
360 1033 536 1105 sphaericum
547 1040 597 1096 est,
604 1031 725 1103 perfecta
735 1031 822 1105 figura
830 1048 929 1102 prae-
1015 1053 1016 1094 t

113 1109 217 1175 ditum,
233 1109 465 1181 quemadmodum
476 1107 644 1163 etmundus.
676 1109 845 1164 Litiumvero
856 1106 930 1163 for·
1015 1123 1016 1128 ¹

113 1186 195 1240 tassia
205 1193 260 1241 tam
270 1192 380 1258 propter
390 1183 549 1247 candorem,
561 1183 628 1253 quia
639 1183 763 1239 lucidum
773 1189 827 1245 est,
844 1185 930 1239 stet·
1015 1221 1016 1230 ,

115 1260 156 1315 lae
167 1277 231 1316 vero
247 1260 406 1333 splendores
420 1267 497 1323 sunt,
519 1274 603 1330 quam
617 1258 709 1313 iorsan
721 1265 832 1329 propter
844 1273 929 1315 axes
1015 1281 1016 1324 ,

114 1336 270 1407 splendoris
281 1338 367 1391 instar
377 1335 468 1389 lilium
478 1333 689 1397 circumdantes,
702 1333 832 1404 quoniam
840 1347 930 1390 una·
1015 1361 1016 1370 κ

114 1427 225 1482 quaque
235 1411 377 1465 stellarum
395 1407 431 1485 [*]
448 1408 622 1482 splendorem
637 1410 747 1463 emittit.
785 1406 877 1463 Habet
896 1422 930 1469 et

115 1484 288 1556 ethopoeiam
308 1486 397 1550 locus,
419 1488 484 1557 quia
504 1485 596 1540 lilium
615 1483 723 1556 aliquid
746 1482 930 1542 eontrarium

114 1560 229 1614 caeteris
248 1559 361 1615 floribus
378 1578 444 1632 prae
462 1578 492 1615 sa
511 1560 577 1616 fert:
612 1578 676 1615 uam
690 1577 783 1614 eorum
797 1557 931 1629 quidam

114 1633 219 1698 hieme,
242 1633 356 1705 quidam
377 1653 440 1691 vero
459 1635 546 1691 verno
564 1643 684 1708 tempore
703 1634 853 1707 pullulant;
895 1650 931 1696 at

115 1707 207 1762 lilium
216 1712 394 1780 perveniente
405 1717 514 1775 aestate,
522 1729 609 1782 quum
619 1711 719 1766 caeteri
728 1723 927 1769 marcescunt.

114 1781 192 1850 Quod
213 1783 370 1855 symbolum
389 1793 430 1840 est
447 1787 568 1856 separari
584 1787 704 1841 humana
718 1803 731 1840 a
746 1785 865 1848 divinis,
895 1800 931 1845 et

114 1859 258 1913 immunda
273 1877 287 1914 a
302 1861 401 1925 sacris,
427 1859 642 1933 imperfecteque
656 1880 671 1916 a
686 1860 824 1932 perlectis.
863 1861 930 1919 Iti—

115 1933 177 1986 dem
188 1933 236 1988 alii
248 1936 327 2006 aquis
337 1935 443 2008 irrigati
454 1933 614 2002 florescunt,
632 1937 724 1992 lilium
734 1944 823 1990 autem
833 1935 928 1994 iuxta

115 2008 268 2064 caniculam
283 2017 399 2082 postque
413 2011 580 2076 caniculam,
602 2011 712 2083 quaudo
727 2009 851 2066 flammae
868 2011 928 2068 in-

114 2091 170 2138 star
186 2092 291 2140 aestuat
304 2085 355 2140 sol.
394 2085 484 2152 Quare
499 2095 526 2142 et
537 2087 671 2160 propheta
684 2086 798 2158 quidam
810 2101 928 2156 specu·

115 2159 227 2214 lativam
246 2169 356 2234 gentem
374 2160 485 2234 (lsrael)
504 2162 573 2217 dicit
591 2167 724 2229 florescere
741 2167 808 2216 siout
827 2163 928 2221 lilium

115 2243 179 2302 (tes.
190 2244 230 2304 35,
244 2241 300 2301 tt),
317 2237 511 2303 subindicans,
526 2237 600 2309 quod
610 2255 664 2292 non
674 2235 827 2292 secundum
836 2233 927 2295 idem

114 2320 223 2384 tempus
235 2309 339 2368 fruatur
349 2311 595 2384 prosperitate,sed
605 2327 660 2383 quo
669 2310 928 2383 temporealiiper-

115 2388 273 2442 transierint
289 2388 501 2450 iucunditatem,
523 2388 637 2459 incipiat
651 2387 711 2440 sine
723 2385 927 2444 convenienti-

114 2458 168 2514 bus
179 2463 399 2536 exspectatisque
408 2462 522 2530 mediis;
539 2479 602 2516 narn
611 2462 671 2515 sine
680 2477 750 2534 aqua
759 2459 922 2531 florescere,

115 2535 172 2590 sole
183 2537 372 2604 comburente,
390 2539 439 2594 vix
449 2537 617 2608 adaequatur
627 2537 800 2591 convenienti
806 2533 843 2608 ⁴⁵).

115 2628 326 2648 ⁸¹⁸¹———-—-..

165 2664 187 2708 'l
200 2674 218 2704 s.
228 2671 315 2714 praeter
328 2669 444 2717 opinionem
456 2670 496 2715 ert,
512 2677 530 2708 s.
544 2667 602 2707 rredt
612 2667 649 2707 sta
656 2671 733 2717 potest.
758 2667 839 2708 Anah.
