2050 3100
119 190 167 242 aot
241 193 340 239 nuru.
360 192 434 238 run.
455 192 617 250 Quanszr.
634 192 685 237 nr
708 193 786 237 son,
807 181 930 255 [nnis]
1019 163 1020 224 ἶ

117 297 153 350 tis
172 294 403 365 longitudinisque
418 291 462 346 dei
478 294 594 365 gratias,
615 293 664 364 qui
679 309 734 347 non
748 301 854 347 tantum
870 311 931 348 ne-

118 370 236 424 cessaria
250 376 382 439 praestat,
404 384 501 422 verum
515 370 599 423 etiam
612 367 765 440 quodquod
778 366 813 421 ad
829 367 930 423 ebun-

118 445 228 499 dantem
248 444 437 514 copiositatem
455 442 601 498 fruendam
618 444 750 514 pertinet3
785 460 836 513 per
852 443 928 498 thus

117 536 183 574 vero
203 527 230 573 et
249 518 371 573 libamen
384 518 500 572 delicias
515 535 623 582 eorum,
644 519 696 589 qui
707 518 853 572 benefieiis
869 518 928 573 do-

117 596 175 649 nati
184 594 305 649 fuerunt.
344 593 479 669 Quoniam
490 593 690 657 dieuntetilii‚
707 594 757 664 qui
768 595 928 648 constanti·

116 670 170 725 hus
180 668 252 724 cibis
262 677 412 724 vescuntur
422 670 452 723 in
461 670 555 740 specie
566 669 727 740 allegoriae,
744 668 819 739 quod
828 669 925 723 omnis

117 748 208 800 anima
226 744 371 816 probitatis
392 744 516 799 studiosa
535 744 657 799 libamen
671 753 726 808 est,
747 743 925 816 profundens

117 820 305 891 dedicatisque
316 820 447 875 virtutem
457 820 519 875 deo.
558 821 616 874 Hoc
630 828 721 873 autem
729 836 799 891 opus
809 827 925 891 gratum

117 912 149 950 ac
159 896 236 953 cordi
245 895 387 967 placidum
397 896 469 965 patri
477 893 781 965 est,.quemadmodum
791 911 841 966 per
850 893 925 949 odo-

116 971 192 1045 ΓΜ)
203 973 370 1027 suavissima
379 973 565 1027 incensorum.

120 1128 168 1179 Gur
189 1129 267 1181 dicin-
288 1129 423 1194 „Impones
442 1144 513 1193 caper
530 1144 633 1178 mensam
645 1144 734 1193 paueat
751 1128 776 1177 in
794 1138 923 1192 conspecte

348 1214 398 1247 meo
414 1199 546 1261 somper‘q
564 1199 618 1261 (25,
631 1198 686 1262 30.)

173 1302 215 1359 72.
236 1298 390 1357 Necessarii
401 1296 472 1364 cibi,
490 1302 551 1354 sine
561 1316 617 1372 quo
627 1307 731 1354 nonest
741 1301 812 1362 vita,
828 1299 922 1371 signi-

116 1375 220 1431 ficativi
236 1385 300 1431 sunt
312 1390 411 1448 panes;
444 1384 471 1431 et
484 1376 644 1448 principum
659 1391 690 1429 ac
705 1373 863 1428 villicorum
876 1374 920 1429 vis

117 1450 161 1521 (at.
177 1451 324 1523 aequitas),
346 1448 397 1505 deo
412 1450 570 1516 ordinante,
592 1452 621 1505 in
630 1448 794 1505 necessariis
804 1457 921 1504 naturae

117 1524 260 1598 (versatur)
275 1526 304 1580 in
319 1526 382 1581 cibo
398 1535 424 1582 et
438 1535 516 1599 potu.
554 1526 620 1583 Ideo
633 1524 796 1600 superaddit
806 1524 918 1581 dicens:

115 1601 148 1653 Io
171 1612 305 1668 conspectu
327 1617 381 1654 meo
402 1617 500 1670 semper
519 1621 599 1672 pones
618 1619 712 1671 pones:
750 1600 801 1656 ubi
820 1617 920 1670 semper

116 1673 235 1730 ostendit
250 1676 408 1730 continuam
419 1673 457 1750 [*]
469 1693 500 1732 ac
515 1695 570 1732 non
584 1675 766 1750 interruptam
781 1693 842 1732 esse
854 1693 919 1750 gra-

116 1750 182 1803 tiam
196 1749 266 1817 cibi3
303 1755 331 1803 in
350 1761 484 1818 conspectu
502 1769 582 1817 vero,
604 1755 672 1825 quia
690 1760 799 1826 gratum
817 1754 919 1806 iucun-

116 1823 238 1895 dumque
248 1832 290 1878 est
299 1824 350 1878 deo
361 1832 415 1879 tam
426 1825 527 1882 donare
537 1831 654 1900 gratias,
674 1845 757 1900 quam
768 1829 917 1900 gratiarum
1019 1838 1020 1909 p

116 1900 250 1954 actionem
260 1900 393 1970 recipere.

132 2047 174 2096 Ad
184 2047 244 2112 quid
251 2049 438 2111 „condelabrum
449 2051 559 2100 tornatile
569 2068 599 2100 erc
608 2067 667 2101 auro
673 2055 773 2116 profi?
782 2056 836 2150 225,
844 2056 898 2117 31.)

170 2168 214 2222 73÷
242 2167 432 2224 Candelabrum
448 2170 607 2244 symbolum
625 2179 668 2225 est
686 2172 853 2242 purissimae
871 2187 917 2226 ea·

117 2243 221 2297 sentiae
232 2244 315 2309 caeli,
333 2244 451 2316 ideoque
461 2245 565 2300 dicitur
575 2255 683 2316 postea,
704 2247 779 2318 quod
790 2247 916 2303 exunico

116 2335 182 2374 auro
202 2315 348 2374 conflatum
368 2319 461 2374 fuerit.
510 2320 658 2393 Siquidem
677 2330 800 2376 caeterae
818 2321 915 2377 mundi

115 2402 206 2463 partes
216 2412 266 2467 per
276 2403 392 2465 quatuor
402 2394 538 2451 elementa
548 2395 687 2452 coniectae
697 2404 776 2461 sunt,
788 2403 913 2462 exterra,

115 2484 200 2538 aqua,
220 2471 282 2525 adro
296 2478 322 2524 et
337 2470 429 2542 igoe;,
447 2470 555 2526 caelum
568 2479 660 2526 autem
676 2489 711 2526 ex
721 2489 776 2526 unc
787 2480 814 2526 et
825 2472 916 2527 excel-

115 2539 182 2597 lenti
193 2547 299 2616 specie,
315 2561 398 2616 quam
409 2551 533 2600 recentes
544 2553 643 2600 vocant
652 2547 779 2618 quintam
788 2545 918 2601 substan-

113 2613 191 2670 tiam.
227 2617 396 2675 candelabro
406 2635 471 2674 vero
481 2620 574 2674 simile
585 2618 688 2676 dicitur
698 2622 768 2685 iure,
780 2628 915 2693 quatenus

115 2714 319 2730 Ἢ

164 2753 187 2800 ’>
200 2766 218 2795 s.
233 2760 256 2798 tn
269 2761 365 2800 odoricus
374 2761 532 2809 nomenatus.
558 2761 639 2800 Auen.
