2050 3100
63 184 182 253 [11,sl⁷.]
248 190 289 235 IN
308 188 484 235 GENESIN.
504 190 633 235 SERHO
655 190 700 237 lv.
812 185 873 267 'llll

63 292 180 359 dentiae
196 298 224 344 et
237 290 323 343 moris
338 288 491 361 condignae
505 289 627 344 theoriae
642 292 815 362 amantisque
825 291 877 346 do-

62 367 192 429 minum,
209 372 237 419 et
245 364 333 418 multo
343 364 433 436 magis
442 362 562 419 studiosi
572 365 683 419 virtutis
694 374 721 420 et
731 364 876 438 diligentis

63 440 162 496 deum.
185 438 267 505 Quod
277 440 381 510 optime
391 454 508 493 noscens
517 441 723 511 perseverantia
732 439 876 513 (Rebecca)

64 516 179 579 annuit,
202 513 316 568 dicens:
351 514 450 567 Vadam
465 531 523 568 cum
536 531 578 576 co,
599 522 630 569 ut
644 516 750 587 quippe
763 513 799 589 [⁴⁵]
811 533 876 587 per-

64 596 178 645 maneat
193 590 376 643 constantius.
416 587 493 642 Nihil
508 589 583 643 enim
598 589 676 645 iuvat
695 591 875 661 cogitationes

2 690 4 697 >
65 663 178 737 aliquid
188 663 337 718 honestum
346 662 402 743 sibi
412 661 573 727 conciliare,
589 664 614 717 sl
623 663 876 735 praeterfluendum

65 742 102 795 sit
116 757 150 794 ec
163 738 380 802 destruendum,
402 752 457 792 non
471 754 538 793 vero
553 738 669 796 durante
684 739 817 813 ligamine
827 740 875 797 fir-

65 817 141 871 mins
152 813 308 884 fortiusque
319 812 470 869 muniatur.
505 809 511 820 “

124 1006 193 1065 Quid
210 1016 245 1058 cst
262 1004 430 1070 „Dimicerunl
447 1004 580 1058 Rebeccam
598 1017 620 1058 et
637 1008 755 1072 quidquid
770 1009 819 1058 cias

354 1075 447 1123 erat“l
465 1074 520 1137 (24,
536 1076 589 1139 59.)

125 1196 186 1249 tel.
208 1194 311 1248 Textus
322 1192 459 1247 evidentis
470 1193 590 1266 symboli
601 1200 642 1247 est
656 1190 690 1263 (s.
703 1190 818 1245 evidens
833 1202 875 1247 est

65 1269 171 1341 valde).
212 1266 376 1341 Symbolum
387 1268 561 1323 autemillud
576 1267 695 1330 indicat,
716 1264 791 1336 quod
805 1266 875 1320 sub-

66 1345 168 1399 stantia
183 1342 271 1397 animi
284 1342 387 1397 virtute
402 1342 521 1415 praediti
536 1352 578 1398 est
587 1348 715 1397 constans
726 1356 873 1412 aggressus

67 1420 133 1474 boni
154 1434 211 1472 una
232 1434 296 1472 oum
316 1418 546 1491 contemplatione
564 1416 719 1472 secundum
742 1416 874 1471 virtutem

68 1512 99 1550 ao
118 1492 301 1566 sapientiam,
322 1509 449 1565 quaeque
464 1492 539 1547 solae
553 1493 688 1547 veraciter
701 1490 873 1547 substantiae

67 1579 142 1625 sunt.
173 1566 406 1638 Quandoquidem
416 1584 487 1639 quae
498 1570 571 1622 circa
581 1585 680 1639 corpus
690 1575 755 1622 sunt
764 1576 792 1623 et
801 1584 873 1639 quae

67 1653 154 1707 extra,
166 1642 328 1713 temporalis
337 1650 364 1697 et
374 1643 531 1698 transitorie
541 1644 753 1714 inconstansque
762 1660 874 1714 posses-

67 1723 108 1775 sio
119 1726 181 1790 ,est
223 1717 330 1772 Felices
350 1719 443 1787 itaque
464 1726 542 1781 sunt,
567 1717 602 1772 ad
621 1735 691 1789 quas
710 1716 873 1772 transfertur

67 1812 136 1867 gens
147 1809 344 1864 perseverans,
357 1800 384 1856 et
394 1791 532 1856 infelices,
544 1808 614 1863 quos
624 1792 817 1864 derelinquere
827 1793 873 1848 in-

67 1871 146 1941 cipit.

71 2017 151 2076 Qnoec
172 2018 209 2066 ric
232 2015 369 2066 benedicunt
390 2007 426 2066 ii:
461 2014 563 2080 „Soror
583 2024 666 2065 novtra
686 2024 735 2067 estc
757 2016 781 2065 in
798 2015 873 2065 millia

133 2083 279 2150 myriadum,
309 2094 331 2133 et
348 2084 474 2148 possideat
494 2099 571 2132 acmen
593 2091 657 2132 tuum
673 2083 780 2135 civitatee
797 2082 872 2131 im'mi·

134 2153 257 2202 εονιιηιῑῑὶἒ
275 2154 328 2214 (24,
344 2153 398 2213 60.)

124 2265 183 2316 135.
209 2261 280 2315 Dum
295 2261 388 2316 adhuc
402 2260 480 2318 adest
494 2260 603 2314 animae
613 2259 731 2315 alicuius
741 2275 873 2330 perseve-

69 2337 171 2399 rantia,
188 2333 272 2390 irater
283 2344 324 2390 est
334 2336 425 2402 illius3
456 2334 568 2406 quando
582 2350 648 2389 vero
657 2333 871 2389 disiunctionem

70 2427 100 2465 ac
114 2409 304 2465 divulsionem
319 2410 375 2464 iam
390 2411 505 2482 cogitat,
527 2408 681 2464 demutavit
700 2417 726 2464 et
740 2407 872 2462 diminuit

69 2483 305 2548 benedictionem,
318 2485 428 2539 dicens:
451 2484 512 2539 Esto
523 2488 693 2551 tomyriodo.
728 2481 872 2536 Caeterum

69 2559 136 2630 quid
149 2557 300 2628 impedivit
313 2568 435 2623 orantes,
456 2568 552 2613 utnon
562 2558 710 2612 nascituris
719 2556 812 2625 potius
823 2571 873 2624 ap-

69 2633 205 2704 plicarent
222 2635 387 2698 orationem,
409 2649 493 2704 quam
514 2631 559 2686 ei‘l
591 2631 726 2696 Quoniam
746 2628 872 2682 civitates

70 2709 200 2831 inilmicee
212 2708 366 2832 sypppolice
375 2716 440 2764 sunt
449 2708 480 2762 in
490 2706 572 2761 nobis
581 2704 655 2821 mala}
663 2710 691 2755 et
699 2700 872 2770 singulorum

132 2796 216 2833 nino
290 2818 296 2831 .
660 2801 667 2820 s
