2050 3100
67 174 184 241 [lutra]
241 181 281 225 IN
301 180 481 227 GENESIN.
506 180 634 226 annoto
655 180 697 227 lv.
824 176 870 232 ⁴37

66 280 187 344 caudae,
203 280 486 345 noncunctiseimnl‚
499 282 654 346 nomenis,
671 282 870 353 quamutilita-

65 358 104 411 tis
113 358 151 411 sit
161 372 257 421 causa3
283 372 374 426 neque
383 373 459 411 more
471 355 658 411 invidentium
672 356 867 428 sophistarum,

65 432 116 503 qni
134 448 187 502 per
204 430 331 485 auditum
351 432 531 495 anteriorum,
551 447 623 501 quae
637 432 713 485 intus
728 448 866 503 accepere,

66 507 201 561 hauriunt
215 522 316 575 aquam
329 513 447 569 tantam,
466 514 499 559 ut
510 506 708 577 paucissimam
717 507 747 561 in
758 516 788 561 se
798 506 869 563 ferre

65 588 181 652 queant.
219 578 273 645 Qui
283 596 348 634 vero
357 588 421 651 post
429 588 542 652 gustum
551 579 691 636 desiderat
700 581 730 635 in
740 598 869 637 mensura

65 655 186 727 hydriae
194 670 291 709 secum
300 664 422 726 portare,
434 654 646 728 (nihil)omnino
655 656 794 711 interram
804 656 869 711 fun-

64 730 132 785 dere
143 728 251 793 studet,
267 728 318 783 sed
327 729 488 802 ladlpotum
500 731 703 786 communitatis
719 738 801 803 atque
815 732 869 787 hu-

63 805 209 861 manitatis
224 805 314 874 aperit
326 803 372 876 (at.
387 803 479 877 tollit),
518 804 635 871 Quodsi
650 805 714 875 quis
728 814 868 878 tamquam

63 880 251 934 instrumento
266 878 374 933 musico
387 879 475 950 possit
493 879 523 933 in
542 879 712 935 harmoniam
730 881 865 955 redigere,

63 956 119 1009 erit
127 956 235 1025 optima
245 953 370 1025 miraque
380 953 464 1008 nimis
475 954 630 1009 concordia.

93 1104 142 1153 Cur
160 1103 233 1153 dicit:
261 1101 385 1164 „Factum
402 1111 436 1152 ert
447 1103 589 1169 priusquam
605 1104 657 1168 ipae
674 1113 842 1153 eemummuret

252 1168 317 1233 loqui
331 1169 357 1218 ia
372 1179 446 1220 mente
462 1174 546 1221 ruffi
565 1172 617 1236 (24,
635 1172 687 1234 15.)

122 1276 167 1327 96.
192 1272 319 1325 Primum
332 1271 428 1327 edocet
441 1271 548 1344 duplex
557 1272 618 1327 e'sse
627 1271 758 1326 verbum:
782 1288 868 1326 unum

65 1347 142 1419 quod
151 1348 182 1402 in
198 1345 315 1400 consilio
329 1344 434 1402 habitat
448 1346 550 1420 (ratio),
573 1346 689 1401 alterum
704 1345 779 1417 quod
793 1354 869 1400 extra

65 1422 237 1495 proferimus
250 1418 286 1494 [¹⁵]
299 1419 413 1493 (oratio).
437 1421 560 1489 Quorum
570 1428 719 1492 utrumque
729 1423 868 1493 propriam

65 1498 123 1553 sibi
133 1513 233 1554 vocem
243 1494 339 1551 hebet:
359 1496 580 1568 prolatumeam‚
597 1497 868 1570 quaepronuntiatur

64 1591 117 1645 per
131 1573 247 1629 nomina
265 1570 417 1642 verbaqu03
446 1573 520 1644 quod
535 1581 626 1628 autem
640 1573 670 1627 in
685 1572 801 1628 oonsilio
816 1580 865 1636 est,

65 1648 160 1712 illam,
177 1663 252 1718 quae
261 1663 310 1717 per
320 1647 512 1719 cogitationem
522 1648 686 1719 exprimitur
696 1649 726 1703 in
741 1647 869 1702 conside-

65 1724 174 1778 ratione
189 1720 373 1785 intellectiva,
393 1723 524 1792 quoniam
537 1723 626 1794 magis
637 1724 763 1796 energiae
774 1722 869 1777 admo-

66 1799 142 1863 nuit,
164 1796 310 1852 deolarans
323 1796 444 1851 locutum
459 1797 603 1869 essequod
613 1797 766 1852 iudicatum
776 1796 829 1851 fuit
839 1797 868 1851 in

65 1881 169 1928 mente.
211 1870 340 1926 Secundo
348 1870 421 1925 illud
431 1871 550 1926 formans
560 1871 707 1936 describit,
721 1872 796 1943 quod
808 1879 869 1926 ante

65 1965 148 2003 omne
167 1946 287 2002 verbum
303 1963 469 2017 omnemque
488 1954 606 2001 mentem
624 1947 793 2017 praecedunt
806 1964 870 2018 gru·

63 2024 121 2078 tiae
133 2022 183 2078 dei
198 2021 408 2093 praevenientes
422 2029 450 2075 et
461 2028 679 2093 praetereuntes,
701 2037 772 2092 quae
786 2022 870 2075 nimi-

64 2115 128 2153 rum
145 2098 178 2152 in
193 2097 369 2169 generatione
383 2103 569 2154 creaturarum
579 2095 710 2152 videntur
719 2096 869 2151 velociores

66 2173 178 2228 cunctis
187 2169 272 2226 rebus
282 2187 353 2226 esse.

87 2311 156 2370 med
172 2321 207 2362 ert
224 2311 283 2376 „Et
298 2309 410 2362 Rebecca
427 2311 603 2377 eprediebutar,
623 2329 685 2378 quae
701 2323 760 2363 nata
771 2313 823 2378 fiu't
838 2327 854 2359 u

358 2378 503 2429 ensesue
525 2381 584 2442 (io.)

125 2483 171 2537 97.
195 2479 434 2547 Quemadmodum
447 2482 478 2536 in
491 2480 596 2536 mundo
610 2480 744 2554 dignitate
761 2479 871 2549 propria

70 2557 185 2613 excellit
194 2565 255 2611 ante
264 2558 358 2612 omnia
368 2555 488 2620 caelum,
510 2573 619 2627 semper
630 2573 659 2610 se
670 2569 774 2624 suaque
785 2568 872 2622 aeque

70 2632 192 2696 habens,
214 2631 255 2686 sic
269 2630 330 2706 (est)
345 2634 428 2687 etiem
442 2631 533 2686 anima
544 2631 664 2702 genuine
674 2625 872 2697 philosophan-

70 2708 106 2761 tis
129 2706 306 2762 invariabilis
324 2717 407 2780 atque
425 2704 619 2760 immutabilis.
657 2698 780 2756 Proiecto
799 2699 874 2752 enim
