2050 3100
58 161 68 182 ⁰
164 170 198 222 tt
393 175 577 220 rumonus
600 173 736 219 runanr
877 165 967 232 [ras]

165 283 301 348 quatenus
316 274 470 329 communis
479 275 604 329 omnium
614 280 710 326 natura
720 278 785 326 nata
795 280 842 326 est
852 303 889 313 —
899 272 968 327 uiliil

165 353 240 406 enim
249 349 327 405 aliud
336 351 458 404 anterius
466 349 562 404 suffert
571 348 673 402 divisio
681 348 883 426 proposita-‚
896 347 967 402 autsi

165 435 246 481 natus
256 442 311 480 non
319 433 372 489 est,
385 441 440 479 non
450 441 516 496 ergo
525 423 574 479 ille
584 424 661 476 iuxta
668 421 882 492 providentiam
892 439 968 494 pere-

165 511 225 557 etus
235 499 288 554 tuit
298 516 389 570 neque
397 498 476 554 aliud
485 498 628 570 quidpiam
638 497 669 550 in
677 494 842 562 coiectum,
856 497 968 552 sedani-

164 576 280 630 malium
290 592 322 628 ac
330 574 487 645 plantarum
496 589 598 646 genera
607 589 656 643 per
665 587 695 626 se
705 569 967 644 eficiuntur:qucn·

164 651 220 704 iam
229 658 292 703 nata
302 649 485 720 plantatorum
494 657 618 704 naturam
634 663 699 718 prae
712 663 742 700 se
754 645 851 702 ferant
861 663 967 702 necesse

165 732 219 787 est,
231 741 286 778 non
296 741 362 778 vero
375 721 488 797 facta*).

220 806 263 857 ld.
287 804 323 858 Et
332 804 468 874 primum,
488 801 772 874 quomodoexnihilo
783 801 900 874 aliquid
911 800 967 856 fiet?

163 877 268 931 Deinde
286 878 312 932 si
330 877 479 949 aliquando
496 877 670 951 providentia
690 893 744 931 non
765 877 966 948 habeatur**)‚

164 953 219 1005 iam
242 953 366 1023 luppiter
388 954 449 1024 ipse
468 958 523 1008 ndu
543 953 726 1024 sempiternus
746 952 916 1023 apparebit;
946 961 966 1004 et

163 1025 233 1096 quid
247 1028 300 1081 erit
313 1027 388 1098 quod
398 1030 488 1100 magis
498 1027 664 1082 atheismum
673 1025 817 1082 redoleat?
850 1029 968 1082 Praeter·

163 1118 195 1156 ea
214 1102 239 1156 ai
258 1103 461 1177 propriumest
478 1111 593 1157 naturae
612 1102 700 1174 ipsius
719 1100 750 1156 τὸ
771 1118 841 1156 esse
862 1103 965 1158 factam,

163 1178 293 1232 convenit
311 1178 453 1248 explorare
471 1179 605 1232 rationem
623 1177 786 1248 quantitatis
807 1179 891 1232 eius:
926 1195 968 1231 cur
1004 1211 1005 1224 l

163 1252 238 1306 enim
247 1268 298 1306 nec
305 1251 397 1327 minor
406 1270 458 1307 nec
468 1253 555 1307 maior
571 1251 641 1306 lacta
656 1249 756 1305 luerit?
785 1250 887 1317 Quum
902 1251 968 1308 nihil

163 1326 362 1398 impedimento
370 1337 443 1382 esset
453 1327 497 1391 iis,
510 1328 615 1398 quaesi
627 1333 726 1387 essent,
738 1324 894 1383 decentius
905 1337 969 1384 tem·

161 1409 352 1472 paramentum
366 1410 478 1457 naturae
492 1410 520 1457 et
535 1401 747 1474 dispensationis
763 1419 836 1457 suae
856 1403 970 1458 habuis-

161 1483 232 1528 sent.
273 1475 328 1530 Cur
341 1486 458 1547 quatuor
471 1478 540 1532 haec
550 1485 655 1532 tantum
666 1476 801 1532 elementa
812 1479 901 1534 velut
911 1479 969 1533 lun·

162 1547 459 1607 demente-exsistunt?
486 1555 558 1607 Num
572 1570 622 1624 per
634 1552 762 1623 pauciora
773 1552 820 1607 vel
834 1556 969 1627 ampliora
1004 1547 1005 1621 l

162 1622 336 1693 dispensator
358 1627 406 1682 ille
429 1636 542 1684 naturae
564 1628 756 1683 uniuersorum
780 1644 840 1683 non
866 1638 970 1701 poterat

161 1697 296 1753 mundum
315 1702 425 1757 creare‘l
788 1714 792 1719 “

203 1773 258 1825 ,tn
279 1773 383 1831 Pnrco.
401 1775 438 1852 [³¹⁶]
450 1776 553 1849 Papael
584 1794 674 1833 noune
684 1775 850 1848 indagatrix
861 1782 969 1835 curiosa

160 1853 201 1899 est
212 1862 290 1900 mens
301 1848 420 1907 humana
430 1860 511 1923 atquc
522 1849 728 1908 ratiocinatrix?
751 1851 868 1919 Viden',
882 1872 970 1927 qucu-

161 1920 404 1981 tumelevataest‘l
431 1931 469 1981 ita
481 1936 512 1981 ut
522 1926 749 1998 circumspiciens
759 1930 968 2001 contempletur
1004 1946 1005 1951 ¹

160 2011 309 2066 supernam
319 2008 443 2055 naturam
454 2002 537 2055 totius
548 2002 631 2065 caeli,
652 2016 802 2071 quaerens,
823 2005 912 2073 quod
926 2022 968 2058 ca·
1004 2008 1005 2037 ³

159 2078 217 2125 reat
235 2073 367 2142 qualitate
385 2084 412 2129 et
430 2077 537 2145 specie,
566 2083 708 2135 ettamen
731 2076 844 2147 species
871 2095 967 2134 omnes

159 2162 309 2217 omnesque
329 2149 479 2224 qualitates¹
493 2152 636 2221 percipere
656 2148 816 2204 sufficiens?
850 2152 966 2215 Verum,

157 2220 290 2291 oSophc‚
302 2240 357 2277 uon
367 2231 438 2277 retro
448 2241 492 2279 me
502 2225 657 2297 relinques,
668 2240 840 2295 quamquam
852 2244 965 2291 curras;

157 2294 207 2349 sed
217 2295 294 2350 velut
304 2314 358 2352 uno
368 2297 521 2369 eodemque
531 2300 621 2354 animo
632 2299 782 2369 aequaliter
793 2316 927 2367 curram,
939 2310 968 2356 ut

157 2366 285 2451 bravium
299 2369 442 2444 (βραβεῖον)
457 2372 492 2427 de
506 2374 667 2428 exsistentia
681 2373 881 2443 providentiae
897 2378 968 2433 arri-

155 2455 230 2507 piam
240 2458 290 2511 per
300 2460 346 2507 ea,
362 2462 433 2513 quae
443 2446 514 2503 mihi
524 2447 641 2502 dicenda
651 2455 754 2503 restant
765 2446 801 2503 de
810 2448 874 2507 his.

205 2561 226 2606 ¹)
236 2573 254 2600 a.
262 2565 351 2605 luncttm
359 2577 408 2606 cum
417 2570 515 2619 rcqpenti
524 2570 635 2609 adverbio:
649 2582 690 2610 nou
697 2574 870 2620 primumjactn.
880 2574 966 2615 Auen.
1004 2570 1005 2577 ’

204 2609 239 2654 ¹¹)
254 2612 328 2659 Neque
342 2618 399 2654 enim
412 2618 503 2657 habetur
515 2620 659 2667 providentie,
681 2623 700 2659 sl
716 2622 810 2662 mundus
828 2629 871 2663 eut
887 2631 968 2669 nature

152 2661 195 2733 pon
209 2661 249 2696 cst.
275 2661 346 2700 Locus
359 2667 431 2703 temen
444 2670 478 2705 est
490 2668 593 2707 obscurus
607 2670 630 2708 tn
643 2670 715 2718 Arm,
729 2673 760 2712 itu
772 2676 796 2712 ut
809 2677 901 2722 punctu
917 2668 968 2717 mir·

162 2702 203 2737 etl·
217 2704 313 2747 diversae
328 2712 375 2749 elici
389 2716 473 2761 possint
490 2720 615 2758 sententiae.
643 2720 725 2760 Auch.
