2050 3100
149 127 181 179 ὓθ
229 131 326 177 PHIL.
345 131 419 176 IUD.
440 129 601 187 QUAEST.
619 129 669 173 ΕΤ
689 127 769 173 SOL.
788 122 980 189 [11,235.236.]

150 230 358 294 adscribuntur,
380 245 450 301 quae
466 228 499 283 ab
516 227 667 283 heredibus
686 228 839 300 accipiunt,
867 231 917 283 sic
938 240 976 284 et

149 308 179 361 iu
190 305 286 361 divino
296 311 457 360 testamento
467 303 547 357 heres
557 302 720 358 inscribitur
728 302 791 367 ille,
804 301 842 377 [*]
856 304 973 375 quiex

149 387 246 435 natura
255 379 359 450 probus
370 386 412 434 est
420 378 577 450 discipulus
588 377 647 442 dei,
662 376 793 449 perfectis
803 378 968 433 decoratus

149 453 315 509 virtutibus:
346 454 395 525 qui
415 469 480 507 vero
497 469 547 523 per
565 451 691 506 auditum
712 451 905 507 introducitur
928 471 967 507 ac

149 528 298 584 subiicitur
312 527 368 601 legi
385 528 537 600 sapientiae
550 527 753 598 participatque
769 526 964 598 disciplinam

150 603 333 677 encyclicam,
348 602 428 657 heres
438 602 617 667 minimest,
632 601 682 656 sed
692 601 764 657 dona
773 603 877 673 accipit
887 618 964 675 gra-

149 678 186 733 tis
199 694 339 733 concessa.
382 677 485 733 Verum
499 676 704 749 sapientissime
717 677 823 732 dictum
838 684 896 741 est,
925 680 960 731 in

151 769 221 809 anno
231 752 315 807 altero
324 768 419 825 parere
428 753 566 816 lsaacum,
587 751 718 823 quoniam
731 768 786 807 non
795 753 960 824 praesentis

150 828 281 899 temporis
292 835 333 881 est
342 828 394 882 ista
403 827 475 883 vitae
486 826 659 899 genitura*),
671 826 721 882 sed
731 827 844 883 alterius
854 828 957 898 magni

53 961 62 971 ,
151 910 178 957 et
191 902 276 965 sacri,
298 918 424 973 quaeque
438 900 535 958 divina
549 900 651 974 gaudet
668 901 836 957 abundantia
850 902 952 965 nimia,

150 976 283 1048 nulloque
292 976 373 1031 modo
382 976 484 1033 similis
496 977 627 1050 gentibus
637 984 688 1032 est.

154 1140 236 1199 Quare
249 1142 318 1208 dicit,
334 1142 399 1208 quod
410 1142 559 1207 ,‚Atr·alrum
571 1152 624 1193 erae
637 1140 770 1206 nonoqinta
781 1149 804 1191 el
814 1155 895 1189 novem
905 1156 950 1189 arr·

217 1228 311 1275 amum,
326 1228 396 1275 quum
407 1211 555 1261 circumcisus
567 1220 615 1271 ιιι·
633 1208 724 1260 Ismuc!
734 1206 885 1270 autemfllina
898 1208 950 1257 einr

219 1294 333 1329 annerum
342 1278 490 1329 tredeclm‘ff
507 1282 562 1343 (lt,
572 1284 605 1327 24
614 1278 648 1337 s.)

205 1383 248 1433 ol.
272 1380 421 1450 Dispositio
439 1386 481 1433 est
499 1377 535 1433 ad
553 1378 741 1433 centenarium
759 1376 905 1450 nonaginta
919 1384 947 1431 et

150 1468 250 1507 uorem
270 1468 403 1507 annorum
421 1469 566 1515 numerus,
597 1460 678 1523 atque
697 1452 851 1507 secundum
871 1450 946 1505 hunc

150 1542 296 1586 numerum
311 1524 467 1598 disponitur
480 1534 508 1583 et
520 1524 636 1599 perfecti
650 1542 747 1584 semen
763 1526 944 1601 generationis
982 1540 989 1551 ·

151 1618 211 1657 esse
227 1601 411 1674 principium,
432 1601 507 1673 quod
523 1601 697 1657 manifestius
712 1611 825 1676 apparet
838 1604 866 1656 in
880 1619 944 1656 cen-

150 1677 265 1732 tenario.
309 1675 485 1732 Tredecimus
505 1685 596 1732 autem
615 1695 756 1734 mumerus
776 1678 943 1749 componitur

150 1751 298 1824 exprimis
312 1750 420 1806 duobus
434 1752 633 1826 quadrangulis
641 1763 652 1818 ,·
673 1771 708 1808 ex
721 1761 837 1825 quatuor
854 1760 879 1808 et
894 1769 942 1806 no-

151 1843 228 1890 vem,
250 1827 310 1897 pari
325 1833 352 1882 et
364 1826 478 1898 impari,
499 1828 538 1883 ita
548 1836 579 1884 ut
587 1845 638 1900 par
648 1828 747 1883 habeat
755 1844 805 1957 pro
814 1826 940 1882 lateribus

151 1899 293 1973 duplicem
310 1899 424 1956 formam
439 1903 608 1959 materialem
618 1911 646 1959 et
654 1904 744 1976 impar
768 1919 940 1973 ormamope-

150 1977 280 2031 rativam:
302 1992 337 2031 ex
351 1976 454 2048 quibus
468 1978 532 2034 totis
547 1977 666 2034 efficitur
679 1979 797 2042 trinum,
818 1976 889 2049 quod
902 1985 940 2031 est

150 2051 303 2106 maximum
317 2058 344 2106 et
358 2051 591 2123 perfectissimum
608 2053 759 2108 hostiarum
774 2052 936 2114 festivorum,

150 2142 219 2198 quas
230 2127 370 2182 continent
379 2129 549 2185 exarationes
559 2145 699 2184 sacrorum
709 2128 852 2183 librorum.
886 2127 938 2181 lloc
1013 2164 1014 2167 η

149 2216 238 2256 unum
251 2209 302 2257 est.
341 2200 465 2258 Alterum
475 2202 643 2260 veredicere
653 2202 748 2268 liceat,
769 2202 843 2274 quod
854 2201 938 2258 trede-

150 2277 206 2330 cim
216 2293 349 2332 annorum
363 2285 436 2334 aetas
450 2279 543 2334 vicina
557 2287 599 2334 est
612 2287 640 2334 et
651 2279 789 2350 particeps
803 2278 846 2332 his
858 2278 937 2349 septi-

150 2351 189 2405 mi
200 2351 279 2415 anni,
293 2367 348 2424 quo
358 2354 472 2408 seminis
484 2351 521 2428 [Ἴ
533 2361 624 2410 motus
635 2352 670 2408 ad
679 2353 878 2426 generationem
887 2351 936 2406 ler-

149 2435 204 2480 tur.
247 2427 288 2480 Ne
307 2443 371 2500 ergo
390 2427 577 2500 alienigenum
592 2428 743 2485 seminetur
756 2443 862 2492 semen,
883 2427 936 2499 pri-

149 2519 208 2556 mas
228 2503 416 2574 generationes
436 2503 558 2576 integras
577 2503 682 2558 serrari
701 2501 868 2573 procuravit,
888 2500 934 2556 suli

200 2673 222 2722 ¹³)
235 2687 254 2716 s.
268 2679 323 2719 vitoe
332 2675 521 2723 utittaomtturo.
547 2673 664 2712 Aucher.
