2050 3100
164 172 213 229 148
305 177 731 235 PHIL.1UD.QUAEST.ET
744 176 819 222 801..
845 171 891 237 [11.
905 178 976 242 334]

162 278 274 335 donalis
287 285 315 332 et
329 277 413 332 altera
426 276 556 339 brutalis,
578 276 647 331 dicit
660 275 758 331 adesse
770 276 820 333 illa
839 293 972 351 quoque,

162 371 234 426 quae
244 353 413 407 eonveniunt
420 351 502 405 bruto
510 351 544 405 ad
556 350 704 405 fruendum
718 368 783 405 oum
797 349 914 417 deeora,
940 365 975 411 ut

163 428 256 500 palea,
285 425 421 498 pabulum
441 433 470 479 et
491 440 675 496 quaecunque
698 426 883 481 animantium
909 430 974 483 eibi

163 510 238 557 sunt.
276 500 414 556 Rationali
432 509 524 554 autem
543 501 615 571 parti
635 500 726 553 locum
745 499 793 554 dat
805 510 973 571 separatum

164 575 199 630 ad
215 573 422 630 dissolvendam
435 576 638 646 eorreptionem
651 573 902 645 deperdendasque
918 595 973 632 eu·

163 650 308 722 pietates,
320 665 353 704 eo
361 648 437 720 quod
447 650 575 722 singulae
585 650 700 704 istarum
710 648 888 704 veneniferae
898 653 970 706 sint.

236 839 302 897 Quid
318 849 353 897 aet
371 839 552 903 „conpuem
570 840 617 889 eibi
632 840 670 888 or'r
687 838 799 888 morit
818 838 894 889 domi·

443 910 538 957 naw‘?
556 912 611 971 (Μ,
626 907 680 969 26.)
794 914 797 919 '

222 1029 280 1080 ll3.
295 1024 419 1080 Audiens
428 1024 473 1078 vir
482 1025 633 1078 instructus
641 1022 682 1085 id,
696 1021 771 1093 quod
782 1024 906 1079 maxime
918 1024 972 1079 de-

163 1100 316 1163 siderabat,
335 1101 470 1171 quianon
484 1100 586 1153 mansit
600 1099 661 1153 sine
675 1098 756 1151 domo
770 1097 906 1154 nectores
918 1118 972 1155 ex-

164 1176 273 1239 clusus,
294 1174 344 1229 sed
358 1174 417 1229 looo
430 1175 544 1228 invento
558 1173 662 1244 recepit
675 1180 702 1226 et
712 1170 829 1227 verbum
839 1175 967 1239 virtutis,

164 1250 246 1306 valde
256 1250 361 1321 placuit
370 1249 426 1303 eibi
436 1266 467 1303 ao
478 1246 661 1303 laetabundus
674 1247 790 1317 aceepit.
829 1247 895 1304 Ideo
911 1266 971 1305 una

164 1344 228 1382 eum
238 1326 388 1399 gratiarum
397 1326 503 1380 notione
515 1323 609 1379 adorat
621 1322 655 1395 (s.
667 1320 817 1395 adorabat).

165 1548 202 1615 [⁶]
225 1548 306 1606 Quare
322 1566 369 1599 non
389 1566 455 1598 suern
480 1548 586 1599 mear
609 1550 724 1599 dominura
747 1559 789 1599 eut
811 1550 890 1610 deum,
923 1548 972 1598 aed

229 1617 357 1678 Abrahae,
385 1616 478 1665 dicene-
512 1615 682 1678 „Benedictus
699 1619 764 1680 (eat)
783 1616 889 1667 dominus
908 1616 971 1666 dee

230 1683 320 1733 dom&
334 1683 381 1730 arei
398 1682 564 1731 Abroimrr“t
588 1685 643 1748 (24,
662 1686 717 1744 27.)

222 1803 279 1855 ill.
304 1801 428 1858 Primum
441 1802 530 1857 servis
540 1800 649 1856 ordinat
659 1811 792 1858 amatores
802 1818 862 1856 esse
873 1800 970 1856 domi-

163 1892 261 1931 norum
275 1891 402 1939 suorum,
423 1882 454 1929 ut
466 1883 632 1930 venerentur
645 1894 692 1932 eos
706 1887 733 1932 et
746 1879 776 1932 in
789 1877 877 1949 pretio
887 1877 968 1947 ipsos

162 1967 228 2022 prae
238 1965 268 2003 se
277 1947 406 2004 habeant.
446 1948 575 2005 Secundo
588 1951 648 2006 vult
657 1952 803 2008 manifeste
812 1959 968 2006 monstrare

162 2024 311 2080 utilitatem
321 2041 335 2078 a
346 2023 496 2096 disciplina
504 2033 626 2080 exortam
637 2027 677 2090 ei,
689 2028 739 2098 qui
749 2026 923 2081 familiariter
934 2043 968 2079 ae

163 2099 282 2155 fideliter
293 2098 405 2154 edoctus
415 2098 478 2154 luit.
517 2099 718 2172 Argumentum
731 2118 796 2158 vero
807 2108 847 2154 est
857 2100 969 2155 utilita-

162 2176 199 2230 tis
214 2183 341 2247 acceptae
354 2175 526 2246 peritiaeque
539 2176 675 2230 maiorum
688 2193 781 2231 rerum
795 2174 867 2230 illud
881 2175 968 2229 Nosce

164 2260 196 2304 te.
227 2249 287 2316 Quo
301 2250 392 2305 animo
402 2249 487 2323 elegit
496 2258 524 2304 et
533 2249 634 2305 melius
644 2251 801 2306 aestimavit
811 2265 923 2304 servum
934 2265 967 2302 se

163 2326 318 2389 nominare,
335 2341 389 2379 non
400 2324 459 2389 dei,
476 2323 527 2379 sed
541 2325 699 2380 ministrum
713 2324 916 2385 intercessoris,
937 2331 967 2376 et

163 2400 257 2470 ipsum
278 2400 502 2463 intercessorem,
532 2415 645 2454 servum
666 2400 796 2454 creatoris
820 2399 966 2469 patrisque

163 2475 365 2529 universorum.
409 2472 463 2539 Qui
485 2489 551 2528 vero
570 2472 677 2528 huncce
697 2472 822 2528 ordinem
841 2479 967 2543 praeter-

163 2565 275 2620 gressus
286 2548 382 2610 fuerit‚
403 2563 487 2618 quem
497 2555 595 2602 natura
604 2549 711 2611 statuit,
728 2548 800 2602 nihil
812 2545 888 2600 aliud
897 2562 966 2617 per-

163 2623 234 2693 agit,
256 2624 311 2677 nisi
326 2623 457 2676 maiorem
471 2621 617 2684 iniuriam,
633 2621 772 2691 proposita
784 2620 840 2674 sibi
854 2636 965 2674 morum

163 2693 344 2751 dissolutione
354 2695 522 2766 perturbata.
