2050 3100
166 218 214 269 lot
288 221 385 265 uum.
405 220 479 265 run.
501 217 660 276 Quausr.
680 217 729 261 ET
749 217 827 261 son.
854 208 968 277 [uest]

162 320 275 392 aliquod
289 319 406 383 bonum,
428 320 477 375 sed
490 327 597 374 tantum
610 318 780 390 restringens
791 317 965 381 aviditatem,

161 396 238 450 velut
253 396 383 467 exiguam
398 412 429 449 ac
442 410 557 466 parvam
567 394 666 465 recipit
675 392 863 463 phantasiam,
884 393 967 447 illam

161 488 232 543 quac
242 471 309 524 olim
319 487 469 543 permagna
480 470 638 541 putabatur.
671 468 744 521 Illud
755 476 846 522 autem
856 467 966 522 dictum

161 543 385 600 contradictionis
397 545 491 608 modo,
514 543 780 599 eandemcivitatem
790 543 965 597 denominari

160 637 274 693 parvam
288 628 314 673 et
328 636 382 673 nou
397 636 525 691 parvam,
547 622 681 673 rationem
695 618 779 672 babet
790 618 871 674 valde
881 627 966 671 natu-

161 696 260 758 ralem,
290 711 361 765 quae
380 702 455 765 patet
474 712 509 747 ex
530 693 711 764 sequentibus
734 710 765 747 ac
788 693 962 763 praemissis.

160 772 229 824 Nam
250 770 307 824 vita
327 769 420 823 civilis
441 769 480 832 ei,
506 769 556 839 qui
571 770 648 840 cupit
661 768 764 839 populo
779 768 962 839 complacere,

160 862 259 916 magna
269 862 335 898 sane
346 843 469 906 videtur,
480 842 637 913 proficienti
647 852 738 897 tamen
748 860 843 914 parva.
875 844 965 899 Habet

160 937 224 991 ergo
247 936 377 990 praesens
401 918 526 989 quaestio
550 918 712 974 huiusmodi
734 916 962 973 satisfactionem.

159 994 273 1065 Triplex
290 1002 331 1048 est
346 994 565 1048 nominatissima
583 994 656 1048 vitae
676 994 776 1071 ratio:·
792 993 964 1063 contempla-

158 1070 230 1133 tiva,
252 1069 393 1141 operativa
413 1076 439 1123 et
459 1068 622 1124 condecens.
662 1070 781 1143 Maxima¹
801 1068 978 1139 optimaque⁴

159 1153 200 1198 est
213 1144 440 1215 contemplativa3
472 1161 558 1215 parva
577 1150 604 1198 ct
623 1142 772 1198 informosa
791 1142 959 1210 condecens3

158 1237 244 1290 parva
259 1228 285 1275 et
300 1238 354 1274 non
369 1236 455 1290 parva
469 1218 561 1273 media
575 1217 614 1291 (h.
631 1236 657 1272 e.
671 1216 836 1290 operativa),
858 1218 963 1272 adhae-

158 1312 221 1348 rens
236 1297 360 1365 utriquc:
387 1311 472 1364 parva
482 1310 602 1364 namque
613 1302 668 1357 est,
685 1310 717 1347 eo
727 1292 802 1365 quod
813 1291 847 1346 ad
858 1292 963 1348 conde-

158 1370 277 1422 centiam
288 1370 455 1438 comperitur
466 1367 611 1423 lamiliaris
621 1386 654 1423 ac
663 1368 770 1436 vic'ma3
788 1384 887 1441 magna
895 1386 962 1422 vero

158 1450 212 1505 est,
239 1459 270 1495 eo
285 1444 359 1513 quod
374 1443 546 1497 vicinitatem
561 1450 588 1499 et
601 1444 792 1517 cognationem
811 1460 874 1517 cum
894 1460 962 1497 con-

159 1515 336 1586 templatione
351 1532 416 1586 prae
431 1533 462 1572 se
478 1516 541 1584 lert.

203 1679 268 1736 Quid
284 1691 318 1730 est
338 1681 427 1744 „Ecce
445 1682 577 1733 admiratus
594 1702 645 1734 swa
655 1686 747 1750 faciem
765 1694 829 1734 tuave
847 1686 917 1736 etiam

375 1751 401 1798 ic
418 1752 488 1800 verbo
509 1751 592 1801 ltoe“?
614 1754 666 1817 (19,
683 1755 737 1813 21.)

215 1870 256 1921 48.
278 1865 406 1940 Aequum
416 1877 458 1924 est
468 1870 626 1925 humaniter
635 1871 758 1942 recipere
769 1888 828 1935 eos,
845 1872 895 1942 qui
905 1874 961 1925 mi-

157 1943 242 1996 nime·
251 1943 352 1998 iactant
369 1962 460 2016 neque
474 1946 640 2018 pollicentur
655 1946 758 2000 maiora
772 1946 880 2001 viribus
893 1962 962 2018 pro-

156 2018 240 2088 priis:
260 2036 345 2089 quare
356 2029 382 2075 et
393 2021 564 2075 dominicum
574 2037 739 2092 sacrumque
749 2021 867 2077 verbum
876 2021 962 2076 laude

156 2093 334 2163 prosequitur
346 2094 394 2148 illa
407 2094 475 2167 (Lot)
486 2095 570 2150 dicta.
610 2095 746 2161 Quoniam
760 2097 841 2151 multi
855 2098 961 2152 maiora

157 2165 359 2231 desiderantes,
377 2169 468 2223 media
478 2186 590 2241 quoque
600 2171 662 2242 ipsa
672 2170 866 2243 perdiderunt,
883 2178 960 2243 quae

157 2248 286 2310 appetere
297 2241 338 2295 fas
349 2251 399 2296 est.
772 2248 773 2253 ’
901 2271 909 2284 ·

205 2395 241 2460 [Ἲ
265 2393 330 2452 Quid
345 2405 380 2446 est
397 2398 520 2460 „Festina
536 2401 629 2451 salvcm'
645 2401 771 2466 (a'lluc)“?
788 2410 840 2463 (19,
857 2406 911 2464 22.)

196 2515 255 2567 lt.
276 2514 488 2582 Dulcissimum‚
506 2521 655 2589 optimum,
668 2520 961 2591 humanissimumque

156 2586 273 2641 verbum
283 2588 411 2645 divinum
421 2601 542 2662 praestat
551 2603 651 2651 sortem
662 2595 760 2649 salutis
774 2597 814 2660 ei,
837 2595 887 2666 qui
901 2597 961 2650 sal-

158 2662 216 2714 vari
231 2661 336 2726 studet,
360 2664 507 2722 admittens
523 2684 606 2721 suum
618 2667 797 2724 infallibilem
812 2678 895 2740 atque
912 2671 962 2724 in-

156 2735 325 2790 exorabilem
339 2755 455 2804 morem‚
478 2748 612 2812 quantum
621 2743 733 2811 poterit,
750 2744 960 2814 prolicerepro—
