2050 3100
23 201 152 279 3'[1,1t6.]
180 208 229 252 DE
248 208 524 256 Pnovlnttrt'rta
547 209 675 256 SERMO
695 210 725 254 11.
802 205 851 259 i03

41 308 231 382 parsimonia,
249 307 417 380 religiositas
425 315 452 363 et
467 306 602 364 sobrietas
612 310 728 365 virtutes
738 327 800 365 esse
812 308 852 385 [Ἴ

23 385 100 454 ‚deo
110 383 299 456 gratissimae:
319 383 385 456 gula
394 400 459 438 vero
469 390 496 438 et
505 383 624 438 aviditas
634 386 853 457 immanitasque

23 462 27 515 ἶ
43 461 83 514 ab
92 459 245 530 angustiis,
260 458 396 514 malorum
408 475 526 513 summa.
565 459 649 514 Miror
658 467 764 525 tamen,
780 478 852 532 quo-

23 533 130 595 ,modo
148 534 174 586 si
193 534 246 587 ista
266 542 330 587 suut
349 550 428 597 vero,
454 549 504 605 per
521 533 723 604 providentiam
742 535 851 590 dicatur

23 614 24 673 ζ
43 607 172 664 mundus
185 605 393 662 administrari?
417 607 648 680 Quandoquidem
661 610 850 682 praepositum

23 684 24 687 ’
42 691 201 739 curatorem
216 683 433 754 nutritoremque
447 682 563 741 decebat
580 684 651 740 dona
665 685 850 757 cupiditatum

43 757 192 822 cohibere,
213 774 245 812 ca
259 774 337 821 aero,
358 757 463 828 quibus
477 759 612 828 sapientia
626 768 652 814 et
665 760 851 834 intelligentia

44 832 193 896 coalescit,
212 841 350 904 praestare
365 831 478 905 largiter
492 832 597 904 absque
612 835 729 890 invidia.
768 837 850 890 Nunc

42 920 154 972 tamen,
179 923 252 978 quae
269 909 384 962 istarum
402 923 495 964 rerum
515 924 614 962 causae
631 918 709 974 sunt,
733 911 849 964 minima

43 990 129 1049 sunt;
146 981 427 1054 quaeveroillarum,
447 983 743 1054 maximaetplurima.
782 985 851 1039 Par·

43 1069 90 1114 tes
105 1058 180 1112 enim
193 1064 306 1112 naturae
319 1056 376 1112 fore
386 1073 482 1111 omnes
491 1056 589 1127 plenae
600 1066 664 1112 sunt
673 1058 757 1126 rebus
768 1060 851 1113 volu·-

43 1134 118 1205 ptati
133 1132 333 1196 servientibus,
357 1141 388 1191 ut
405 1133 450 1189 adr
465 1131 579 1196 avibus,
599 1132 725 1202 piscibus
740 1141 847 1208 stagna,

43 1207 164 1267 flumina
173 1215 200 1262 et
209 1224 298 1271 mare,
313 1216 384 1262 terra
400 1215 491 1264 autem
501 1207 678 1264 terrestribus
689 1206 848 1266 domesticis

42 1281 292 1353 silvestribusque.
328 1281 510 1345 Neocasola,
530 1297 601 1354 quae
617 1281 652 1336 ad
662 1298 744 1336 usum
754 1282 810 1336 cibi
822 1291 849 1337 et

42 1365 144 1431 potus,
164 1356 214 1416 aed
228 1357 312 1412 etiam
326 1355 361 1412 ad
375 1356 490 1413 delicias
504 1355 663 1412 ambitiosas
676 1355 846 1425 referuntur;

43 1448 180 1488 excessus
193 1433 268 1488 enim
281 1431 456 1502 crapulerum
475 1431 732 1503 exquisitorumque
752 1433 849 1486 convi-

44 1509 157 1562 viorum
167 1507 302 1584 suppetit,
318 1515 378 1561 tum
388 1504 537 1579 fragrantia
547 1505 639 1563 odoris
648 1506 751 1562 diversi
763 1523 848 1581 gene-

43 1585 97 1638 ris.
137 1581 444 1648 Quieviolaeetrosae,
463 1598 560 1637 crocus
571 1582 730 1655 nardueque
740 1592 767 1638 et
776 1600 848 1655 quae

43 1658 119 1714 aliae
129 1674 213 1712 verno
223 1666 345 1728 tempore
356 1658 385 1711 in
395 1657 497 1722 hortis,
516 1658 613 1712 viretis
627 1659 787 1730 campisque
797 1657 848 1714 llo·

42 1735 86 1788 ris
96 1740 161 1787 sunt
176 1734 334 1796 varietates,
355 1748 476 1787 necnon
488 1733 614 1806 myrrha,
635 1733 700 1787 thus
715 1736 848 1805 variaque

41 1815 250 1881 ungnentorum
265 1808 345 1879 copia
358 1816 385 1862 et
403 1808 698 1879 incomprehensibiles
718 1808 847 1864 differen-

42 1885 102 1938 tiae
117 1881 151 1936 ed
165 1882 234 1953 quid
249 1882 336 1937 iactae
348 1881 422 1941 sint?
440 1884 537 1937 Nonne
552 1883 586 1937 ad
602 1886 745 1939 sanitatem
761 1893 787 1941 et
797 1903 848 1940 ve-

43 1965 194 2022 nustatem,
208 1957 254 2012 vel
264 1958 356 2029 potius
368 1957 402 2011 ad
412 1957 584 2023 edacitatem,
598 1959 736 2014 luxuriem
747 1961 847 2031 exqui-

43 2034 171 2105 sitasque
181 2031 408 2100 deliciosi-Quae
421 2035 514 2087 omnia
530 2034 564 2087 ab
575 2034 610 2087 iis
620 2051 680 2089 esse
691 2034 847 2105 respuenda

43 2108 179 2163 dicuntur
188 2108 239 2172 iis,
251 2108 300 2179 qui
310 2106 485 2178 prudentiam
496 2124 529 2163 ac
537 2110 637 2163 mentis
647 2111 791 2165 sanitatem
802 2127 847 2165 se-

43 2189 165 2246 ctantur,
178 2191 319 2257 tamquam
328 2183 467 2237 vilissima
476 2182 592 2248 obiecta,
600 2200 670 2255 quae
680 2201 775 2239 omnes
787 2200 847 2239 cor-

41 2264 193 2329 rumpunt,
209 2259 247 2315 ita
257 2266 289 2311 ut
298 2272 388 2327 neque
397 2257 518 2312 videnda
529 2260 594 2321 sint,
609 2260 634 2311 si
644 2258 703 2313 fieri
713 2257 845 2330 potest*).

41 2333 147 2387 Dicunt
157 2332 245 2396 enim,
265 2332 339 2405 quod
358 2350 393 2386 cx
408 2340 465 2387 arte
481 2332 689 2396 medicamenti,
710 2334 847 2404 unguenti

40 2404 190 2479 similique
196 2407 288 2482 studio
301 2406 395 2479 lugam
405 2424 548 2481 capessere
555 2423 672 2477 aequum
685 2416 727 2461 est
736 2415 847 2479 propter

40 2483 164 2547 virtutes
174 2482 314 2536 communi
330 2483 403 2537 vitae
413 2481 548 2537 humanae
558 2481 703 2553 proficuae.
744 2482 795 2537 Cui
806 2490 848 2537 ta·

41 2574 111 2612 men
127 2565 280 2612 commento
293 2565 436 2634 opponunt
449 2574 510 2611 sese
524 2558 628 2626 optima
642 2564 669 2611 et
679 2556 761 2612 valde
773 2565 845 2613 recta

96 2696 120 2743 ¹)
141 2695 267 2741 obscuritas
280 2699 444 2739 constructionis
457 2700 479 2739 in
491 2699 552 2739 Arm.
565 2698 624 2739 varie
637 2702 722 2747 poterat
735 2700 846 2751 explicarla

39 2748 84 2789 aad
97 2748 135 2788 ubl
149 2757 225 2788 sensus
238 2750 301 2790 datur
314 2752 406 2799 integer.
426 2750 479 2789 nihil
492 2749 608 2790 curandum
621 2750 648 2789 de
661 2749 739 2790 verbis.
766 2749 846 2793 Auen.
