2050 3100
78 269 193 337 [H,iii.]
258 275 299 320 IN
319 274 495 320 GENESIN.
516 275 643 321 SERMO
661 277 704 322 Ν.
839 274 887 326 l85

79 378 155 447 parit
166 375 286 442 lemina3
314 374 396 439 altar,
412 376 473 430 sive
483 375 698 448 primogenitus,
715 376 886 434 masculinus

80 459 110 506 et
128 449 246 521 potioris
266 465 365 504 causae
385 450 496 504 virtutis
516 448 619 523 (opus),
650 452 716 522 quin
733 452 803 506 mari
821 470 886 524 pro-

80 527 176 597 prium
187 532 231 580 est
241 540 382 596 generare.
423 523 569 595 Siquidem
578 526 689 596 sapiens
699 534 726 580 et
736 542 885 599 generosus

81 601 197 655 sortitus
210 606 254 653 est
268 615 378 653 causam
393 600 547 670 propriam,
567 616 671 671 pravus
686 609 790 666 autem,
811 611 843 656 ut
856 604 884 657 in

82 691 186 748 genere
205 674 286 745 prius
306 681 400 738 natus,
427 672 573 729 familiaria
591 676 758 746 comperitur
776 676 884 731 vitiosis

81 750 217 805 materiae
246 747 443 820 eomplicibus,
477 764 549 819 quae
577 749 672 804 matria
698 767 773 806 more
801 752 883 823 parit.

80 823 270 891 Quamobrem
289 824 359 878 etin
375 822 485 877 entibus
500 830 566 877 sunt
579 823 728 894 quaedam,
749 834 781 881 ut
794 825 884 882 incor-

79 915 184 970 poreae
198 897 330 962 virtutes,
352 913 423 968 quae
436 898 497 952 iure
511 899 711 971 primogenitae
723 908 788 954 sunt
800 917 885 971 quaa·

78 990 137 1045 que
151 971 281 1027 nonnulli
296 971 436 1043 appellant
449 971 550 1027 formas
561 980 587 1028 et
598 989 739 1029 mensuras
752 974 884 1047 ideasque

79 1048 204 1115 entium3
225 1043 261 1120 [³¹⁵]
279 1046 423 1101 sensibilia
438 1063 503 1102 vero
517 1046 683 1118 perfectione
695 1049 819 1120 praedita
830 1066 884 1104 non

80 1124 131 1176 ita.
159 1120 276 1193 Species
286 1121 360 1175 enim
370 1128 455 1176 matre
465 1129 588 1176 carentes
598 1131 663 1178 sunt
672 1140 707 1179 ex
717 1123 775 1177 sola
785 1141 880 1191 causa;

80 1197 237 1251 sensitivae
257 1202 349 1250 autem
361 1194 544 1267 perfectiones
558 1195 593 1269 (s.
608 1214 691 1269 opera
705 1197 779 1268 sunt)
794 1215 884 1252 merae

80 1272 229 1335 materiae,
251 1286 336 1341 quam
350 1278 464 1326 matrem
478 1270 613 1328 factorum
628 1287 684 1325 non
704 1271 822 1326 inaniter
840 1270 884 1325 di-

80 1365 170 1402 xoris.

202 1469 250 1521 Oar
267 1469 400 1520 cornicatur
416 1469 483 1521 bomo
500 1471 540 1521 illc
557 1470 694 1534 „Eeoa“l
712 1470 771 1534 (ib.)

143 1577 202 1628 llil.
230 1572 302 1627 Esou
316 1572 462 1644 exponitur
475 1572 648 1647 Factura*)
662 1572 707 1628 vel
723 1589 881 1643 quercus,

135 1714 158 1761 ⁸)
170 1714 271 1761 Intelllge
284 1713 480 1763 ulcntfloaaetttam,
492 1711 585 1762 πλάσμα.
609 1714 691 1753 Anah.

83 1936 155 1990 alter
167 1950 233 1989 vero
248 1931 418 1987 masculinus
432 1932 597 2004 principalis
611 1933 736 1998 virtutis,
760 1934 805 1987 eui
819 1949 885 2003 pro-

83 2009 179 2082 prium
199 2015 242 2063 est
263 2023 403 2079 generare.
451 2006 528 2062 Adeo
551 2006 751 2080 primogenitus
775 2008 881 2070 melior,

83 2100 189 2155 pravus
208 2098 275 2138 vero
296 2081 455 2154 primitivus
480 2078 559 2135 fluxu
582 2083 717 2137 materiali
740 2082 883 2153 passibilis

83 2176 160 2215 more
175 2157 221 2211 sui
237 2173 311 2211 nexu
325 2156 434 2210 enixus.
473 2154 552 2211 Unde
568 2157 650 2211 etiam
665 2157 694 2211 in
708 2157 791 2211 rebus
801 2156 883 2211 certia

83 2230 271 2304 incorporales
286 2231 402 2285 virtutes
417 2232 513 2285 merito
528 2231 727 2303 primogenitae
740 2239 882 2286 vocantur.

84 2307 159 2375 Quas
172 2304 302 2361 nonnulli
316 2304 418 2378 figuras
434 2322 466 2360 ac
480 2304 581 2360 formas
596 2314 724 2361 vocantes
741 2322 884 2360 mensuras

84 2391 111 2438 et
131 2398 244 2438 normas
263 2396 368 2444 rerum,
393 2378 539 2434 sensibilia
553 2388 643 2434 autem
657 2382 774 2435 nonita.
814 2380 885 2434 Sunt

84 2458 160 2513 enim
170 2455 275 2528 figurae
285 2455 345 2510 sine
355 2462 445 2525 patra,
467 2454 533 2509 inda
541 2455 710 2509 materialem
720 2471 833 2510 sensum
843 2452 884 2506 fe-

84 2540 191 2588 ctornm
201 2536 318 2584 matrem
328 2529 477 2601 appellant.

124 2650 208 2710 erorc
226 2665 308 2699 comen
324 2648 360 2699 itt·
375 2650 500 2715 imponitur
517 2650 598 2713 Esca,
623 2649 665 2714 qui
680 2649 848 2711 interpretator

353 2716 456 2781 foetura
473 2717 512 2767 vel
528 2718 614 2766 rubori

143 2805 204 2858 tol.
224 2802 375 2873 Utrumque
386 2819 475 2859 mores
485 2802 610 2857 insinuat
620 2797 754 2860 malitiae,
767 2794 886 2849 fictioni-
