2050 3100
172 89 220 142 ⁴76
289 94 390 141 PHIL.
409 94 484 139 [UD.
504 91 665 149 QUAEST.
686 90 736 135 ET
761 90 838 134 SOL.
859 84 903 150 [IL
916 86 980 152 362]

171 277 208 342 [Ἴ
231 274 310 333 Quare
327 272 492 339 quodraginta
509 287 623 327 annorum
641 279 693 320 erat
710 270 795 333 Isaac,
816 270 914 335 quondo
933 270 979 321 du.

342 341 377 391 nit
394 355 490 389 amorem
506 336 657 394 Rebeccam?
674 343 727 402 (25,
741 337 796 402 20.)

229 480 286 535 151.
316 476 435 548 Nuptiae
455 490 487 532 ac
506 473 712 528 matrimonium
725 481 914 543 opportunum
928 490 978 527 sa-

169 554 258 625 pienti
276 549 523 624 quadragintennis
539 556 581 603 est
594 557 681 618 aetas;
712 548 843 619 quoniam
859 546 977 618 expedit

169 630 225 683 iam
235 628 336 688 instrui
347 634 428 698 atque
438 624 506 686 satis
519 623 575 679 frui
589 625 662 678 sicut
674 622 784 695 pueris,
807 622 978 693 disciplina-

169 721 231 759 rum
250 704 332 761 rectis
352 701 438 765 ideis,
459 701 498 754 ita
518 707 549 755 ut
566 698 638 753 nibil
660 696 736 765 aliud
756 697 907 769 aspiciatur
927 698 975 752 vel

169 781 242 833 circa
253 777 307 842 alia
317 772 539 838 circumferatur,
552 791 623 845 quae
633 791 686 829 non
697 780 762 827 sunt
773 788 862 837 amore
873 771 973 844 digna,

168 853 218 908 sed
233 855 263 908 in
278 852 362 909 huius
376 848 644 922 considerationibus
659 866 690 902 ac
705 847 787 902 choro
802 846 908 906 fruatur
927 848 977 901 ni-

169 930 222 982 mis
233 937 259 985 et
269 928 358 1000 magis
369 927 493 982 laetetur.
533 926 652 979 Necesse
666 922 748 977 habet
763 923 858 985 etiam,
880 929 912 976 ut
927 921 976 976 di-

169 1004 295 1063 lectionis
311 1003 467 1073 amorisque
481 1000 578 1055 uxoris
593 998 714 1054 fructum
729 998 819 1067 capiat
832 1005 859 1051 et
869 1014 975 1068 puero-

168 1096 231 1134 rum
242 1076 447 1137 educandorum
458 1076 548 1148 legem
558 1073 692 1147 perficiat.
725 1071 860 1139 Quoniam
870 1072 974 1127 viven-

171 1338 252 1395 Quore
275 1337 438 1403 quadrapa'am
463 1350 576 1456 απῖνῖνη
599 1343 651 1451 met
668 1332 753 1396 iaaac,
782 1348 833 1382 oum
854 1332 973 1395 nupat'aaet

523 1417 630 1451 eeccam

226 1536 316 1611 tw).
349 1539 469 1610 Nuptiae
491 1544 614 1610 maturae
636 1537 755 1610 sapienti
778 1532 973 1609 quadragena-

167 1616 225 1669 riae
239 1620 317 1667 eunt:
343 1612 447 1668 bonum
460 1612 503 1667 'est
513 1614 589 1667 enim
599 1614 678 1685 prius
688 1613 809 1668 exerceri
820 1619 847 1666 et
857 1628 974 1667 concre-

167 1705 245 1744 scere
255 1686 444 1754 eruditionum
454 1685 568 1752 directia
579 1689 710 1760 spiculis,
732 1687 809 1743 nullo
824 1686 910 1741 altero
921 1685 973 1741 de·

167 1763 270 1817 siderio
289 1769 464 1833 occupatum.
503 1762 539 1816 Ut
561 1764 636 1818 enim
656 1764 775 1832 amicum
793 1769 835 1816 est
854 1764 973 1817 amatori

166 1836 377 1908 prudentiarum
395 1853 446 1891 aua
465 1835 619 1893 fruniscere
637 1839 748 1902 merita,
770 1835 890 1891 eundem
910 1854 974 1891 mo-

167 1911 234 1965 dum
245 1912 328 1965 etiam
338 1912 500 1982 nuptiarum
510 1914 633 1984 carpitur
643 1912 768 1975 affectus,
781 1911 914 1965 imitabili
924 1928 973 1966 ae-

167 1986 230 2040 tatis
241 1986 412 2055 teetimonio,
429 1995 461 2057 ut
470 1986 646 2054 confirmetur
657 1989 739 2043 etiam
750 1987 796 2042 lex
806 1985 970 2042 liberorum.

217 2176 239 2224 Ι1)
252 2177 322 2226 Haec,
339 2188 394 2227 quae
411 2180 508 2228 sequitur
525 2179 593 2228 altare
609 2179 790 2228 paragrapnorum
803 2179 880 2226 aeriae,
899 2183 973 2219 sumta

166 2230 200 2265 eat
213 2237 225 2266 a
238 2228 317 2268 latinae
330 2231 435 2269 versionis
453 2231 553 2278 antiquae
570 2231 690 2278 fragmento
702 2229 799 2269 Baeticae
812 2230 862 2268 1538
875 2229 935 2268 edito
950 2233 973 2268 et

166 2278 196 2315 ato
209 2278 323 2327 inscriptoa
346 2281 460 2326 „Philonia
472 2281 548 2320 Iudaei
562 2281 737 2326 Quaestionumet
749 2281 878 2320 dotationem
889 2281 913 2318 in
931 2280 971 2318 Ge-

165 2329 224 2366 nesin
237 2330 317 2369 ΗΜΛ(
345 2329 408 2379 Quod
425 2331 568 2378 fragmentum
584 2330 722 2371 Ancharua
739 2332 779 2370 aab
796 2339 847 2369 auae
863 2331 972 2370 versionis

164 2380 226 2417 textu
242 2382 339 2428 repetere
356 2390 419 2428 poaaa
436 2381 521 2421 duobua
538 2382 565 2420 de
582 2382 653 2420 causta
670 2381 759 2430 gaudet.
782 2383 808 2419 nt
820 2381 899 2428 partlm
913 2391 971 2429 „pro

165 2429 289 2469 matimonio
303 2432 332 2470 att
344 2431 517 2470 constantissimo
530 2433 552 2470 tn
566 2429 692 2478 Occidente,
714 2432 831 2480 genuinam
843 2440 898 2470 *ease
916 2440 972 2480 opna

165 2487 178 2515 a
191 2488 215 2517 aa
228 2481 310 2521 aditum
323 2482 385 2520 iuxta
398 2481 482 2519 codIoea
496 2482 636 2527 orientalea“,
652 2482 729 2530 partim
742 2491 781 2528 pro
794 2481 920 2520 teatlmonio
930 2482 971 2520 dis·

165 2527 226 2567 1101111
234 2531 366 2577 unliubona,
382 2531 509 2578 quinetiam
523 2531 663 2579 „Anonymua
676 2532 719 2577 illa,
734 2532 756 2570 in
770 2532 864 2580 antiquit
877 2533 972 2571 aaaculia

165 2577 270 2620 Graecum
287 2584 370 2619 textum
386 2582 508 2621 immediate
528 2583 551 2621 in
567 2581 668 2621 Latinum
688 2585 786 2627 vertent,
811 2584 856 2623 tam
878 2583 971 2624 obscum

164 2627 276 2678 altamque
289 2631 344 2680 atylo
357 2633 512 2679 proceaaarit.“
