2050 3100
164 304 211 357 tet
381 298 562 348 nnuours
584 294 722 341 sunum
857 285 952 355 [qno]

218 409 262 462 et.
286 405 375 461 Vitem
388 400 492 455 evitant
503 396 625 468 populus
639 393 673 467 (s.
689 388 859 466 erembelet
879 394 953 448 lauri.

163 483 219 539 Sed
229 480 367 536 neminem
377 476 493 531 arbitror
502 471 571 526 adeo
580 470 713 531 insanire,
733 477 764 521 ut
773 467 878 523 audeat
887 468 954 522 dioe-

163 576 207 623 re,
228 557 296 611 haee
313 571 349 608 ex
366 550 457 605 fidelis
476 545 613 601 amicitiae
631 551 678 597 aut
694 542 858 597 hostilitatis
874 544 954 597 animo

163 632 244 694 oriri,
275 628 325 683 sed
344 638 489 695 supremae
511 628 625 675 naturae
648 618 752 671 ratione
774 616 916 687 quaedam
932 619 955 670 in

164 720 251 761 uuum
260 702 448 762 adducuntur,
470 695 524 750 alia
536 692 571 769 [*]
584 692 795 763 disiunguntur,
819 690 899 746 haud
911 691 956 747 sibi
990 686 991 749 l

164 779 285 833 invioem
299 772 499 829 convenientia.
542 770 598 823 Hoc
617 768 710 837 itaque
723 773 822 820 tenore
838 768 957 821 existimo
990 788 991 829 t

165 853 265 908 lalsum
279 864 340 904 esse
354 845 483 902 animalia
496 842 620 899 mortalia
633 856 774 911 quaeque,
794 850 908 911 praeter
917 842 957 896 ho-

164 927 282 990 minem,
312 922 529 978 eontrarietatem
550 918 762 985 societatemque
784 924 815 969 et
839 932 913 988 quae
931 914 957 969 ad

165 1004 233 1057 istas
251 998 407 1055 referuntur
429 993 556 1049 rationali
578 1006 639 1046 oum
659 990 819 1053 harmonia,
851 1008 919 1063 prae
937 1006 958 1044 se

167 1076 247 1132 ferre.
295 1076 367 1128 llaee
389 1070 465 1124 enim
485 1068 578 1122 omnia
597 1066 701 1120 ratione
720 1072 747 1117 et
766 1074 865 1120 mente
884 1066 959 1121 solent

167 1149 322 1214 eonciliari;
344 1143 542 1201 similitudines
556 1150 620 1195 vero
634 1148 661 1194 et
674 1148 818 1208 tamquam
832 1140 960 1213 imagines

167 1228 196 1281 in
207 1222 372 1281 animalibus
383 1218 516 1274 delineari
526 1216 653 1287 contigit,
674 1222 700 1269 et
708 1214 837 1283 speeiem
847 1226 961 1271 oontem-

166 1309 231 1373 ptus
242 1299 285 1353 vel
296 1296 421 1358 honoris,
438 1292 538 1355 studii,
549 1292 698 1362 gratiarum
709 1287 830 1343 actionis
841 1298 871 1345 et
882 1290 961 1345 eonsi-

168 1375 278 1430 milium
291 1387 384 1426 rerum
398 1367 530 1423 exhibent
544 1364 636 1436 aliqua
650 1362 825 1417 subobscura
847 1364 962 1419 delinea-

168 1458 259 1504 menta
273 1448 421 1518 impressa,
445 1458 516 1513 quae
530 1456 584 1493 non
597 1439 734 1511 pertinent
754 1436 789 1490 ad
813 1440 960 1497 veritatem,

168 1520 393 1596 quandoquidem
403 1516 543 1590 propriae,
563 1522 652 1570 certae
666 1521 692 1567 et
701 1510 810 1567 solidae
827 1512 932 1571 formae
941 1515 961 1568 in

169 1599 268 1652 animis
278 1605 342 1651 sunt
355 1594 507 1649 hominum.
785 1589 791 1598 “

223 1773 267 1823 96.
290 1768 460 1840 Quapropter
473 1774 500 1820 et
513 1765 619 1819 eieouia
632 1779 685 1816 non
700 1761 849 1817 enutriens
866 1763 963 1836 genite

169 1860 227 1898 rem
237 1844 394 1914 iniquitatis
403 1859 450 1896 rea
459 1838 616 1894 nullatenus
627 1837 691 1899 erit,
703 1835 755 1889 etsi
766 1835 885 1907 aliquid
895 1838 964 1892 simi·

170 1919 196 1973 le
205 1918 324 1977 iniuriae
334 1915 422 1970 faeere
431 1915 570 1977 videntur,
594 1913 660 1982 quia
672 1926 726 1964 non
735 1911 869 1980 procedit
878 1929 917 1967 ex
926 1925 963 1966 vo

169 1993 283 2046 luntate.
321 1993 418 2061 Neque
431 1990 489 2044 fuci
506 1988 627 2042 laborem
641 2001 725 2055 apum
739 1983 921 2042 devastando
933 1985 962 2039 rei

169 2066 302 2133 evadunt3
323 2065 465 2120 nonenim
479 2061 631 2117 voluntarie
647 2059 676 2112 id
691 2066 789 2130 agunt,
810 2060 867 2114 sed
881 2061 963 2132 potins

170 2141 309 2197 desiderio
319 2140 420 2195 vietus.
458 2140 518 2192 Non
527 2135 619 2199 vides,
631 2133 705 2204 quod
715 2131 870 2203 parvulum
881 2134 964 2190 inian-

169 2227 225 2272 tem
239 2231 318 2270 nemo
331 2215 366 2269 de
379 2213 527 2282 ulloopere
546 2210 616 2265 laeto
632 2215 741 2262 aoeusat
758 2222 917 2276 umquam,
941 2223 964 2260 eo

170 2291 245 2363 quod
258 2289 402 2362 prudentis
417 2287 511 2340 aetatis
528 2283 648 2338 nondum
661 2281 799 2352 particeps
813 2279 923 2337 fueriti
939 2281 964 2334 lt

169 2383 239 2436 puer
255 2364 382 2436 quamvis
399 2359 576 2430 imperfectus
594 2356 772 2426 comperitur,
797 2357 873 2422 quia
893 2357 963 2411 homo

170 2448 261 2493 tamen
276 2447 317 2493 est
330 2435 593 2495 monumemtum,
614 2430 695 2502 paulo
710 2432 918 2501 anteaeeeptis
930 2447 963 2482 se-

170 2513 292 2581 pientiae
305 2510 472 2571 eeminibus,
495 2507 624 2578 quemvis
638 2503 760 2559 nondum
775 2500 904 2560 formare
917 2517 962 2560 reu

170 2592 271 2654 potest,
282 2584 365 2653 paulo
374 2591 465 2636 tamen
474 2589 536 2652 post
545 2581 611 2635 oriri
622 2578 716 2634 ieeiet:
731 2576 837 2632 etenim
848 2595 922 2634 aura
931 2595 965 2634 re

168 2664 246 2723 cepta
260 2656 407 2709 seminales
421 2655 495 2712 vites
509 2654 545 2708 ed
563 2653 675 2707 modum
694 2649 833 2708 scintillae
853 2653 886 2708 in
902 2653 965 2708 silva

167 2727 245 2778 iuxta
264 2735 386 2796 tempora
405 2745 469 2782 eum
488 2727 537 2780 illo
556 2733 710 2780 ereseentes
733 2727 830 2796 vigere
862 2745 897 2784 ao
924 2725 967 2781 ad-

167 2794 279 2849 haerere
292 2799 402 2852 debent.
440 2799 565 2854 Aliorum
582 2815 645 2854 vero
659 2797 848 2873 (animalium)
864 2805 968 2858 animae
