2050 3100
50 199 97 265 [[ῐ,
115 196 176 262 3ἳ6.]
233 202 275 247 IN
296 202 476 248 GENESIN.
498 202 626 247 SERMO
643 203 688 250 lv.
810 199 854 251 lll

50 305 145 376 pliora
163 302 223 357 suis
242 301 365 356 viribus:
390 319 472 357 omne
490 303 578 366 enim,
608 301 683 373 quod
701 320 859 359 mensuram

50 379 153 441 habet,
184 376 324 431 laudabile
344 384 395 431 est.
440 376 611 449 Quapropter
630 385 657 432 et
676 378 744 434 alibi
764 379 859 434 cibum

52 451 232 524 spiritualem
244 450 326 506 fontis
334 452 421 507 instar
430 452 625 507 scaturientem
634 452 669 506 de
677 453 786 508 aethere
796 471 861 509 cae-

54 530 152 598 loque‚
175 526 307 580 Hebraeis
320 527 421 582 Manna
431 525 550 591 dictum,
572 528 662 581 metiri
673 529 755 583 iussit
768 527 859 583 domi·

56 604 152 656 uicum
162 600 295 664 verbum,
307 616 360 654 non
368 598 404 674 [*]
411 600 584 665 redundans,
596 618 647 656 nec
656 601 788 657 deficiens
797 605 859 658 cui-

54 693 154 747 quam:
180 676 312 747 quoniam
326 690 438 730 necesse
453 684 507 740 est,
530 684 560 730 ut
577 676 725 731 solertibus
741 678 859 749 amplior

56 752 92 805 sit
102 750 243 813 doctrina,
265 751 354 804 minor
368 758 459 805 autem
470 749 639 815 amentibus,
660 751 696 805 oh
707 753 859 823 aequalita-

56 836 111 880 tem
121 832 263 889 exactam,
275 840 345 895 quae
356 825 481 879 consistit
490 826 520 878 in
530 826 714 896 proportione.
753 826 859 882 deserit

55 909 81 954 et
102 900 187 963 alias,
219 907 342 969 oportere
361 899 515 954 secundum
534 900 592 953 vim
611 917 743 954 manuum
762 900 858 956 offerre

56 975 176 1037 hostiae,
198 973 340 1028 iamdicta
354 973 506 1039 denotans,¹
521 990 555 1027 ne
565 975 658 1028 minus
668 991 738 1029 neve
747 976 811 1045 plus
821 977 858 1029 sit

55 1050 231 1121 adaptatum,
257 1049 350 1102 minus
370 1047 524 1103 minoribus
543 1056 570 1101 et
586 1048 676 1101 maius
690 1050 855 1104 maioribus:

55 1134 81 1179 et
96 1124 150 1179 hoc
165 1131 208 1177 est
223 1122 374 1193 aequalitas
388 1124 591 1195 proportionata
608 1122 756 1176 utilissima
773 1124 856 1177 vitae.

54 1202 116 1255 lure
140 1200 238 1269 itaque
259 1197 416 1268 pauxillum
439 1214 526 1269 aquae
545 1196 666 1267 quaerit,
696 1213 858 1250 mensurans

54 1276 197 1346 propriam
213 1279 351 1337 naturam,
377 1273 481 1344 quippe
498 1288 570 1344 quae
588 1270 713 1341 pauxilla
730 1278 772 1324 est
788 1278 859 1324 tam-

54 1366 139 1420 quam
161 1348 250 1402 serii:
279 1346 383 1403 adhaec
400 1364 465 1402 vero
483 1348 550 1418 quia
570 1344 722 1406 secundum
742 1345 858 1403 verbum

54 1423 311 1495 pronuntiativum,
331 1422 405 1493 quod
418 1421 666 1484 animamrelovet,
687 1419 858 1491 perfectioris

55 1507 113 1554 erat
127 1506 258 1562 naturae,
284 1497 389 1553 nullam
403 1497 517 1570 reliquit
530 1504 636 1570 partem
654 1513 783 1562 vacuam,
809 1494 857 1550 sed

55 1584 145 1629 totum
161 1591 197 1628 ex
212 1581 266 1627 toto
280 1590 330 1627 vas
344 1574 452 1628 animae
465 1572 638 1644 implendum
651 1581 729 1643 pater
738 1570 856 1642 noviti).

55 1649 239 1710 Naturaliter,
261 1664 315 1710 non
335 1665 370 1702 ex
384 1648 515 1718 habente,
537 1647 635 1702 cedde
651 1647 750 1720 hydria
764 1654 857 1718 potum

55 1725 141 1796 petit,
163 1732 196 1778 ut
210 1721 364 1787 discamus,
380 1722 455 1794 quod
470 1739 524 1777 non
539 1722 620 1777 homo
630 1722 752 1777 mortalis
763 1721 859 1791 irrigat

57 1800 177 1862 bonum,
200 1797 249 1852 sed
260 1814 331 1868 quae
341 1814 424 1870 super
433 1798 574 1854 hominem
582 1806 694 1869 apparet
704 1796 790 1869 gratia
801 1793 856 1856 dei,

57 1874 93 1928 de
112 1890 171 1945 qua
185 1879 263 1944 rogat
282 1872 338 1926 sibi
357 1872 452 1945 largiri
471 1872 594 1944 dignari,
616 1880 642 1926 et
660 1871 751 1935 illam,
775 1886 859 1945 quam

60 1949 138 2019 prius
148 1946 299 2004 introducit
307 1946 346 2020 (in
355 1964 385 2003 os
396 1945 527 2019 animae),
544 1954 636 2018 potare
647 1945 745 2000 lacere.

95 2129 177 2186 Quare
196 2128 264 2178 addit
282 2128 373 2178 dicens.-
397 2127 562 2191 „Domiae,“
584 2144 645 2190 quoe
662 2127 758 2178 domina
770 2128 827 2192 sere

304 2205 370 2244 *erat
385 2196 462 2245 servit
487 2197 541 2260 (24,
555 2197 606 2255 18.)

120 2311 178 2362 l03.
200 2307 256 2370 Hae
270 2315 335 2364 sunt
349 2315 426 2374 notae
440 2323 471 2360 ae
483 2304 590 2373 indices
601 2304 786 2377 speculativae
797 2319 861 2358 sen-

61 2383 177 2445 tentiae,
194 2382 299 2452 quihus
313 2381 408 2448 ridere
422 2381 542 2452 quisquc
557 2380 652 2444 debet,
668 2379 743 2451 quod
757 2395 811 2444 non
826 2376 862 2430 de

63 2456 174 2510 homine
187 2455 296 2510 mortali
310 2465 352 2510 est
365 2473 494 2528 praesens
509 2471 613 2519 sermo,
628 2454 678 2508 sed
691 2453 727 2507 de
736 2451 862 2521 exemplo

63 2532 146 2584 moris
162 2529 237 2601 apud
252 2530 329 2594 illos,
351 2532 401 2601 qui
415 2538 562 2601 properant
574 2531 604 2583 in
617 2527 860 2582 immortalitatem.

65 2604 131 2659 Vere
142 2605 237 2675 itaque
245 2603 383 2659 desiderat
393 2605 427 2659 de
437 2611 518 2676 potu,
529 2621 565 2658 ex
573 2619 628 2674 quo
638 2600 744 2669 accepit
752 2598 863 2667 sapien-

114 2745 136 2790 ¹)
148 2755 166 2783 s.
181 2744 349 2793 taaptecttpater.
376 2744 529 2792 Quadratum
537 2741 662 2782 maenaa
670 2742 707 2778 etc.
734 2735 814 2776 Aaou.
