2050 3100
73 141 108 207 [1,
120 138 166 206 85]
209 145 260 190 DE
279 145 551 194 PROVIDENTIA
569 147 696 194 SERMO
715 147 746 192 Π.
844 141 876 192 83

73 246 167 302 amice
181 246 235 310 mi,
255 262 306 317 per
318 245 522 317 providentiam
537 245 636 320 globi'
628 265 665 301 ιιι
673 247 787 302 formam
806 245 878 303 lacta

71 322 147 377 fuit:
159 322 297 392 primum,
309 322 460 392 quiaomm
452 322 560 396 ligura
570 322 815 378 velociusmobilis
826 331 876 386 est,

71 405 105 452 et
115 395 495 469 deindemagisnecessaria,
517 395 774 453 neforteremissus
787 396 879 470 (mun-

71 470 275 558 dus)deorsum
286 470 404 526 ferretur
413 471 466 527 ad
458 474 803 537 immensamvacuitatem,
810 489 880 527 cun-

72 547 132 601 ctis
150 546 304 617 partibus
296 564 326 599 ιιι
346 564 427 602 suum
448 547 571 602 medium
590 548 803 616 inclinantibus;
838 547 880 602 sio

73 622 154 677 enim
168 619 340 677 solummodo
355 623 561 677 consistentiam
571 623 649 679 habit
638 632 716 679 turus
728 631 798 687 erat,
814 639 879 695 erga

71 712 109 752 se
125 695 245 750 invicem
265 695 299 750 ad
318 696 442 751 medium
461 696 590 752 tendente
611 699 719 770 aequali
738 699 804 754 orbe
824 697 879 770 (vel

71 757 216 844 spbaera).
243 766 408 826 Occurrunt
419 781 509 827 autem
522 773 551 826 in
562 774 672 829 Timaeo
682 773 802 829 Platonis
810 774 879 844 ,qui

71 845 196 902 mirifice
216 846 329 902 laudent
348 846 464 920 figuram
481 845 602 918 perfecte
623 848 794 920 sphaericam
816 865 880 902 cum

72 937 130 976 sua
148 921 267 976 utilitate
286 929 367 993 atque
381 921 586 985 commendent,
608 924 646 977 ita
662 930 692 977 ut
705 922 783 978 nullo
799 939 880 993 prae-

71 1006 154 1062 terea
167 997 292 1069 indigeat
306 997 398 1053 laudis
413 997 609 1070 additamento.

134 1122 179 1176 57.
203 1119 282 1188 Quod
296 1138 362 1177 vero
377 1122 473 1176 attinet
486 1121 521 1176 ad
532 1130 640 1192 tempus
651 1120 723 1175 illud
734 1121 880 1176 confictum

71 1197 140 1252 sin'e
155 1198 310 1269 praeposito
323 1198 492 1269 inspectore,
515 1195 589 1268 quod
605 1195 762 1250 adducebas
776 1197 806 1250 in
822 1211 880 1250 me-

71 1272 172 1336 dium,
194 1273 265 1328 bene
275 1271 474 1328 advertendum
484 1271 631 1342 estquod
639 1271 880 1326 rnlinrtumrncor-

70 1363 249 1420 porcumque
270 1356 377 1430 tempus
397 1347 467 1403 deus
484 1347 600 1402 minime
614 1347 731 1410 creavit,
753 1345 803 1400 sed
819 1345 879 1399 dies

70 1439 244 1494 mensesque
259 1440 400 1494 annosque
414 1424 471 1478 sole
486 1432 513 1478 et
529 1423 593 1477 luna
607 1439 675 1476 usus
690 1423 719 1475 in
736 1421 787 1476 hac
801 1437 880 1475 men-

70 1515 143 1553 sura
159 1505 241 1571 atquc
255 1499 425 1587 reliquorum
440 1494 612 1571 planetarum
627 1497 749 1569 periodis
769 1505 880 1569 propter

71 1574 210 1629 animalia
220 1576 489 1663 generationemque
510 1574 664 1638 fructuum,
686 1570 724 1649 [Ἲ
744 1591 815 1645 quae
830 1590 880 1628 ne-

70 1658 186 1721 queunt
204 1650 265 1704 sine
285 1650 384 1703 annuis
403 1650 613 1722 tempestatibus
633 1650 792 1704 consistere.
838 1648 879 1703 Ad

71 1726 131 1781 hoc
146 1724 232 1798 dirigi
247 1724 409 1779 cumulatim
422 1733 497 1780 ortus
512 1734 539 1779 et
554 1742 666 1780 occasus
681 1725 748 1779 solis
762 1742 879 1779 consue-

69 1806 192 1863 verunt,
212 1799 287 1871 quod
301 1816 400 1871 nempe
415 1800 455 1854 sol
470 1809 497 1855 et
509 1799 596 1856 totum
607 1800 760 1856 universim
771 1800 878 1855 caelum

71 1892 109 1931 ac
106 1871 255 1939 mundus,
266 1874 503 1951 quemadmodum
513 1893 577 1931 ecce
588 1876 803 1965 demonstratum
814 1874 875 1938 luit,

70 1968 127 2024 per
137 1916 340 2021 providentiam
353 1958 448 2023 regant
448 1966 491 2004 ur.

134 2077 179 2129 58.
201 2075 264 2130 Post
278 2072 372 2143 haec,
380 2084 412 2131 nt
424 2075 494 2130 mihi
506 2076 632 2141 videtur,
651 2028 691 2130 de
695 2034 779 2129 rebds
790 2073 877 2127 disle-

70 2150 159 2207 oticis
173 2167 327 2206 sermonem
341 2150 507 2215 inducebas,
529 2153 613 2222 quasi·
620 2167 685 2205 vero
696 2166 752 2205 non
759 2148 816 2202 sint
826 2147 877 2202 deo

70 2226 182 2299 digna
174 2232 251 2280 iuxta
261 2227 425 2281 seutentiam
434 2192 529 2313 (tundi)
543 2235 602 2279 tum
616 2225 736 2293 reliqua,
758 2230 817 2275 tum
832 2221 876 2275 di-

69 2309 118 2356 cta
135 2298 172 2353 de
183 2301 345 2371 speciebus,
366 2304 457 2372 neque
470 2300 521 2365 iis,
540 2302 590 2371 qui
600 2301 630 2353 in
640 2295 732 2351 studio
742 2294 874 2359 claruere,

68 2376 252 2433 conveniant.
291 2374 876 2485 detemenquaes0‚s1tumquamspa-

67 2453 149 2513 cies,
170 2450 225 2504 nisi
241 2443 771 2518 umversalrsalrcuruscomprehensio
795 2446 876 2499 etin

68 2525 201 2583 telleotui
213 2523 283 2595 quid
295 2534 421 2581 occurrat
434 2523 593 2586 universale
606 2520 696 2584 aliud,
717 2519 792 2591 quod
806 2519 875 2575 deus

69 2599 327 2687 priusnoniecerit,
340 2602 426 2656 menti
435 2616 560 2654 inserens
571 2595 793 2659 foecunditatem
805 2610 876 2665 quae

69 2676 182 2749 optima
192 2683 234 2731 est
242 2683 305 2748 apta
315 2675 350 2731 ad
360 2673 564 2732 admovendum
574 2671 764 2796 sibrqungula
758 2686 878 2735 ‚occur-
