2050 3100
66 178 189 244 [unta]
254 184 297 229 uu
316 183 709 233 canusimsuauom
855 185 885 237 ιι

121 297 240 353 Verum
257 296 331 352 illud
345 298 468 368 primum
483 308 526 354 est
539 298 699 355 dicendum.
738 302 813 358 Gens
823 306 886 370 ista,

66 374 112 425 cui
126 373 162 427 in
178 371 329 427 mandatis
344 372 440 427 datum
458 384 499 429 est
518 375 681 431 circumcidi
699 386 795 434 octavo
809 378 885 455 (die),

66 456 190 502 vocatur
209 448 310 520 lingua
323 447 472 503 Chaldaica
486 450 584 514 lsrael,
605 451 658 506 hoc
674 460 716 507 est
730 457 820 509 cidem
836 460 886 510 det.

66 520 133 577 Vult
143 536 223 595 ergo
234 521 392 595 (primum),
410 531 440 577 ut
449 526 589 597 particeps
598 526 635 581 sit
644 534 703 581 tum
713 530 888 600 propriorum

66 596 232 661 iustorum,
251 604 312 651 tum
331 614 426 652 eorum
438 601 490 669 qui
511 600 666 656 secundum
683 603 845 659 electionem
860 614 888 659 ει

67 671 237 727 secundum
252 672 392 728 Geneseos
407 672 477 745 (sive
491 676 647 749 creationis)
664 678 812 743 rationem,
837 695 887 751 per

66 748 203 817 primum
212 747 331 818 quidem
341 756 464 813 sextum,
486 751 561 821 quod
572 751 650 807 illico
661 753 828 808 creationem
841 770 887 809 se·

67 830 198 893 quntum
210 830 267 890 est;
290 822 362 877 illud
373 824 506 879 nimirum
515 826 624 897 genitor
633 834 660 882 ει
669 835 774 883 creator
784 827 887 883 festum

69 897 270 968 generationis
281 897 423 953 evidenter
433 902 595 958 monstravit
605 901 709 957 mundo
718 901 752 975 (s.
764 903 883 975 mundi),

68 972 228 1042 perficiens
242 970 364 1027 illumin
375 981 453 1028 sexto
466 973 544 1047 (dio).
582 976 706 1031 Alterum
719 994 798 1041 vero,
810 978 886 1049 quod

71 1046 237 1101 secundum
258 1045 420 1102 electionem
441 1056 495 1113 est,
516 1066 567 1121 per
584 1059 726 1115 octavum,
751 1052 826 1122 quod
845 1062 887 1109 εει

8 1138 9 1185 3
71 1120 197 1177 secundi
223 1121 339 1191 septimi
361 1123 543 1195 principium.
591 1125 671 1181 Siout
694 1133 822 1181 octavum
845 1136 887 1181 εει

8 1194 9 1197 ’
71 1196 234 1268 septimum
242 1204 272 1251 et
282 1212 384 1261 unum,
398 1198 440 1253 sic
448 1207 546 1255 ornata
556 1216 625 1271 gons
635 1215 745 1270 semper
754 1207 797 1253 εει
805 1216 884 1271 gens,

71 1271 148 1328 illud
169 1286 286 1342 quoque
306 1288 390 1342 supra
407 1272 559 1344 recipiens,
590 1272 666 1345 quod
689 1290 739 1346 per
761 1283 886 1329 naturam

74 1348 168 1401 electa
184 1346 224 1401 sit
238 1353 266 1403 et
280 1345 434 1404 secuudum
447 1348 583 1419 placitum
600 1348 699 1419 patris.
747 1347 884 1413 Secundo,

74 1430 210 1477 octavum
222 1419 347 1493 undique
355 1423 500 1493 paritatem
509 1422 628 1489 iudicat,
649 1431 762 1481 cunctas
774 1441 886 1495 separa-

76 1497 169 1553 tiones
183 1495 316 1567 aequales
330 1505 496 1564 monstram,
523 1507 555 1554 ut
568 1498 740 1565 dictumest,
761 1499 885 1574 longitu-

79 1571 171 1636 dinis,
190 1571 351 1630 latitudinis
365 1582 393 1628 ει
407 1573 612 1646 profunditatis.
655 1575 815 1647 Aequalitas
833 1594 884 1632 au-

80 1656 137 1703 tem
156 1647 325 1717 aequitatem
344 1649 467 1708 iustitiae
486 1653 608 1721 peperit:
639 1667 695 1723 quo
717 1651 883 1714 manifestat,

83 1721 159 1792 quod
167 1722 287 1780 amatrix
296 1722 343 1778 dei
353 1739 423 1795 gens
434 1725 571 1795 aequitate
580 1727 642 1781 sive
651 1725 758 1782 iustitia
768 1725 886 1780 adorna·

85 1805 115 1850 ta
133 1805 174 1850 εει
188 1805 217 1852 ει
234 1798 265 1852 in
283 1799 487 1868 possessionem
510 1809 650 1870 prouecta.
699 1801 804 1866 Tertio,
830 1817 885 1856 nou

88 1869 176 1924 solum
185 1872 336 1942 completae
345 1873 493 1944 aequitatis
506 1875 584 1930 iuxta
593 1892 688 1930 omnes
697 1874 884 1930 dimensiones

89 1953 284 2011 ermenoara,
306 1946 356 2002 sed
372 1949 455 2004 etiam
467 1949 602 2022 primum:
624 1951 731 2023 primus
746 1950 821 2007 enim
833 1966 884 2003 ou-

89 2020 140 2075 bus
150 2029 201 2084 est,
212 2017 251 2152 gl]
264 2022 397 2093 quoniam
404 2030 520 2078 octavus
532 2023 647 2095 quidem
661 2041 793 2079 numerus
808 2024 884 2096 pari-

91 2103 168 2150 tatem
182 2097 210 2149 in
231 2097 299 2161 icat,
320 2096 597 2163 secundumtamen,
619 2115 673 2155 non
688 2099 810 2170 primum
824 2115 884 2153 eor-

90 2171 154 2225 titus
169 2177 208 2224 est
217 2169 354 2226 ordinem.
394 2170 553 2246 Symbolice
567 2176 660 2248 itaque
672 2172 787 2248 figurat,
807 2171 883 2245 quod

92 2246 201 2316 primam
223 2245 305 2303 istam
328 2254 439 2320 gentem
461 2256 487 2303 ει
509 2251 675 2320 aequitatem
696 2265 728 2303 ac
747 2249 883 2304 iustitiam

94 2320 194 2392 proprie
207 2329 575 2396 supremam‘summamqoe
591 2325 775 2397 adaptaverit,
801 2332 884 2394 atque

95 2396 202 2465 primam
212 2396 326 2451 humani
337 2398 460 2470 generis,
480 2415 535 2454 non
546 2399 691 2455 creationis
700 2400 827 2472 genitura
838 2396 883 2450 vel

95 2475 219 2541 tempore,
245 2469 295 2528 sed
314 2471 449 2546 dignitate
465 2473 592 2539 virtutis,
612 2491 644 2529 ac
658 2475 683 2529 si
697 2471 884 2528 connaturalis

97 2560 152 2614 pars
161 2545 196 2599 sit
204 2546 280 2600 unita
293 2547 400 2601 iustitia
411 2564 474 2602 cum
483 2550 610 2618 paritate.
648 2544 884 2629 Quartdquando-

99 2619 201 2688 quidem
211 2628 326 2689 quatuor
336 2631 401 2676 sunt
411 2621 559 2688 elementa,
572 2633 676 2687 terrae,
691 2635 792 2690 aquae,
813 2619 884 2672 teris

100 2703 123 2748 et
132 2694 198 2767 ignis
209 2695 327 2766 species:
350 2697 424 2769 ignis
437 2696 555 2772 liguram
568 2699 680 2753 sortitus
696 2701 737 2748 εει
751 2692 885 2763 homony-

633 2787 731 2860 uas
