2050 3100
68 178 167 245 [unta]
223 186 263 232 tra
285 188 464 233 Genesin.
487 187 615 235 senno
635 190 677 238 1v.
821 185 854 239 93

66 284 115 339 lum
124 301 186 341 vero
194 288 245 359 qui
256 286 351 343 adhuc
366 289 396 344 in
410 288 560 361 disciplina
574 299 629 356 est,
650 309 856 364 supervacanea

66 358 215 436 (procurare)
226 364 392 435 voluptatis,
407 380 477 436 quae
487 364 620 421 damnum
629 368 722 438 potius
731 367 856 427 inferunt

65 451 135 504 quam
148 437 311 495 utilitatem.
350 440 377 493 ls
390 455 454 512 ergo
464 441 514 511 qui
525 440 648 496 nondum
657 441 777 513 perfecte
787 459 856 514 pnr-

65 520 131 580 gntus
140 519 188 578 est,
201 513 277 569 nihil
289 513 375 569 habet
384 516 413 568 in
423 515 530 571 occulto
540 514 580 588 (ut
587 516 792 591 subcinericia),
804 519 854 573 sed

64 584 161 653 qucdin
171 597 329 661 conspectu
343 596 385 643 est
400 589 562 656 multorum,
583 592 714 662 quoniam
730 609 855 648 commu-

24 670 26 678 ·
64 658 161 715 ntalem
175 680 332 737 aggressus
346 671 398 719 est.
436 664 540 721 Verum
552 666 664 737 sapiens
672 667 794 739 plurima
805 668 855 723 ba-

64 732 214 793 betercana:
235 740 375 811 quoniam
385 756 439 795 non
448 739 647 812 desuntnequc
657 742 687 798 in
696 742 799 815 plantis
810 761 854 798 res

63 808 220 883 inaequales,
236 831 315 887 quae
325 832 422 869 arcana
432 814 588 871 divinitatis
596 817 726 888 produnt,
738 835 770 873 eo
779 818 854 891 quod

63 882 241 960 intelligibiles
258 897 328 944 sunt
343 897 370 944 et
382 890 518 946 occultam
532 890 760 965 invisibilemque
773 909 854 965 prae·

63 956 139 1017 lerunt
147 963 413 1021 considerationem.

67 1096 105 1148 Car
119 1101 257 1157 Sodontitae
277 1107 426 1159 &comdant
444 1107 536 1163 domum
556 1108 588 1157 ab
608 1107 759 1163 adolescente
781 1125 853 1172 unque

140 1174 175 1223 ad
189 1176 323 1240 seniorem,
349 1184 411 1229 totas
424 1174 527 1240 populas
543 1174 628 1224 amal?
646 1176 700 1238 (19,
713 1177 759 1235 ·4.)

108 1276 147 1328 bt.
166 1278 241 1334 llaec
253 1279 351 1334 omnia
360 1278 390 1331 in
399 1278 490 1333 causis
500 1286 566 1333 sunt
576 1284 681 1341 reatus,
706 1283 733 1331 et
746 1284 819 1330 aetas
828 1286 855 1331 et

65 1346 209 1418 multitudo,
231 1370 365 1426 quaeque
378 1350 414 1427 [Ἴ
426 1353 456 1407 in
468 1352 553 1408 rebus
563 1369 615 1407 nec
623 1350 793 1406 harmoniam
804 1350 854 1408 ha-

65 1416 119 1477 bent
131 1442 220 1499 neque
236 1428 426 1485 concordiam.
465 1428 569 1483 Littera
583 1429 677 1498 itaque
687 1427 770 1481 nimis
781 1426 852 1481 clara

67 1502 108 1550 cst-
142 1500 183 1558 nd
202 1514 328 1562 mentem
348 1520 412 1562 vero
430 1502 640 1560 fundamentum
654 1502 738 1558 habet
752 1501 851 1567 littera,

67 1575 180 1638 quoniam
199 1583 279 1636 caeci
299 1589 326 1634 et
344 1579 451 1635 steriles
466 1597 482 1634 a
496 1580 632 1651 sapientia
651 1596 741 1635 mores
756 1580 851 1646 animi,

68 1659 125 1713 llos
134 1650 291 1714 Sodomitas
302 1655 447 1719 vocitavit,
468 1651 680 1710 circumvadunt
691 1663 854 1716 connatura-

70 1717 115 1774 lem
127 1723 249 1797 domum,
273 1747 374 1802 corpus
388 1731 517 1801 inquam;
556 1738 637 1802 atque
656 1738 712 1785 tam
731 1731 853 1785 seniores

70 1807 141 1861 (luam
151 1808 229 1873 pueri
245 1808 276 1861 in
294 1821 378 1860 unam
393 1805 520 1860 choream
534 1805 647 1870 adunati
660 1805 744 1866 simul
758 1813 854 1860 curant

73 1865 186 1954 illutque
198 1879 289 1945 illud,
310 1889 454 1953 tamquam
464 1880 617 1937 insatiabili
631 1882 753 1949 iumento
768 1889 795 1934 et
810 1879 854 1934 la-

72 1957 136 2000 scivo
152 1952 300 2018 insanienti
320 1957 462 2028 copiosum
481 1956 576 2011 cibum
596 1972 659 2010 cum
676 1957 790 2024 caeteris
805 1971 851 2008 vo-

74 2015 207 2089 lulitatibus
216 2039 398 2104 praestantes.
461 2057 463 2062 ·
529 2031 533 2038 '

132 2174 191 2235 Quid
207 2194 241 2235 eat
259 2183 354 2249 „Educ
373 2183 426 2234 illos
443 2183 478 2232 cd
493 2200 548 2244 uos,
575 2191 601 2231 ut
619 2177 787 2246 cognoscamus

338 2253 433 2307 ,ecs“l
450 2251 503 2316 (19,
522 2252 559 2314 b.)
688 2269 692 2273 ’

123 2345 160 2400 ³7.
179 2351 279 2410 Littera
288 2353 384 2426 prodit
391 2354 584 2422 mancipatam,
595 2350 720 2421 iniquam
730 2358 855 2419 turpem-

78 2427 122 2481 (lut
135 2424 309 2490 pollutionem
325 2428 444 2484 virilem.
483 2425 526 2480 Ad
541 2432 660 2480 mentem
675 2440 739 2500 nero
758 2421 856 2477 libidi-

83 2492 131 2546 nosi
139 2504 163 2551 et
171 2499 298 2560 lasciviae
309 2503 410 2568 dediti,
431 2518 559 2574 aggerem
574 2501 711 2573 erigentes
724 2496 857 2565 concupi-

82 2571 323 2646 ttentiammortam
332 2579 472 2634 minantur
481 2575 583 2638 sobriis
593 2572 857 2654 studiosisquecon-

83 2641 203 2704 bientiae.
233 2653 472 2726 Adquosdicunt:
492 2648 857 2711 Exeantlorasexproprns

88 2713 249 2782 voluntatibus
260 2738 340 2800 atque
350 2747 385 2784 ex
394 2727 516 2783 modesta
527 2725 584 2779 vita
596 2721 750 2776 constanter
764 2713 856 2777 ducta,
