<?xml version="1.0" encoding="UTF-8"?>
<!DOCTYPE html PUBLIC "-//W3C//DTD XHTML 1.0 Transitional//EN"
    "http://www.w3.org/TR/xhtml1/DTD/xhtml1-transitional.dtd">
<html xmlns="http://www.w3.org/1999/xhtml" xml:lang="en" lang="en">
 <head>
  <title>
</title>
<meta http-equiv="Content-Type" content="text/html;charset=utf-8" />
  <meta name='ocr-system' content='tesseract 3.04.00' />
  <meta name='ocr-capabilities' content='ocr_page ocr_carea ocr_par ocr_line ocrx_word'/>
</head>
<body>
  <div class='ocr_page' id='page_1' title='image "./operaomniaadlib02philgoog/operaomniaadlib02philgoog_0410.png"; bbox 0 0 2050 3100; ppageno 0'>
   <div class='ocr_carea' id='block_1_1' title="bbox 57 247 867 317">
    <p class='ocr_par' dir='ltr' id='par_1_1' title="bbox 57 247 867 317">
     <span class='ocr_line' id='line_1_1' title="bbox 57 247 867 317; baseline 0.001 -16"><span class='ocrx_word' id='word_1_1' title='bbox 57 248 177 317; x_wconf 57' lang='lat' dir='ltr'>[Inest]</span> <span class='ocrx_word' id='word_1_2' title='bbox 247 252 375 299; x_wconf 76' lang='lat' dir='ltr'><strong>SERMO</strong></span> <span class='ocrx_word' id='word_1_3' title='bbox 394 252 444 299; x_wconf 84' lang='lat' dir='ltr'>DE</span> <span class='ocrx_word' id='word_1_4' title='bbox 469 252 679 300; x_wconf 74' lang='lat' dir='ltr'>SAHPSONE.</span> <span class='ocrx_word' id='word_1_5' title='bbox 816 247 867 303; x_wconf 75' lang='lat'>395</span> 
     </span>
    </p>
   </div>
   <div class='ocr_carea' id='block_1_2' title="bbox 56 344 867 485">
    <p class='ocr_par' dir='ltr' id='par_1_2' title="bbox 56 344 867 485">
     <span class='ocr_line' id='line_1_2' title="bbox 56 344 867 433; baseline -0.001 -24"><span class='ocrx_word' id='word_1_6' title='bbox 56 344 274 427; x_wconf 72' lang='lat' dir='ltr'>promissionem</span> <span class='ocrx_word' id='word_1_7' title='bbox 297 353 432 408; x_wconf 90' lang='lat' dir='ltr'>sermonis</span> <span class='ocrx_word' id='word_1_8' title='bbox 453 353 541 433; x_wconf 87' lang='lat' dir='ltr'>nostri</span> <span class='ocrx_word' id='word_1_9' title='bbox 562 353 756 427; x_wconf 73' lang='lat' dir='ltr'>originemque</span> <span class='ocrx_word' id='word_1_10' title='bbox 774 369 867 410; x_wconf 89' lang='lat' dir='ltr'>rerum</span> 
     </span>
     <span class='ocr_line' id='line_1_3' title="bbox 57 445 246 485; baseline -0.011 0"><span class='ocrx_word' id='word_1_11' title='bbox 57 445 246 485; x_wconf 76' lang='lat' dir='ltr'>recurramus.</span> 
     </span>
    </p>
   </div>
   <div class='ocr_carea' id='block_1_3' title="bbox 54 552 867 1509">
    <p class='ocr_par' dir='ltr' id='par_1_3' title="bbox 54 552 867 1509">
     <span class='ocr_line' id='line_1_4' title="bbox 113 552 867 628; baseline 0.004 -20"><span class='ocrx_word' id='word_1_12' title='bbox 113 557 142 608; x_wconf 80' lang='lat'>5.</span> <span class='ocrx_word' id='word_1_13' title='bbox 164 553 326 625; x_wconf 89' lang='lat' dir='ltr'>Sampsonis</span> <span class='ocrx_word' id='word_1_14' title='bbox 336 562 477 625; x_wconf 86' lang='lat' dir='ltr'>parentes,</span> <span class='ocrx_word' id='word_1_15' title='bbox 494 552 612 608; x_wconf 88' lang='lat' dir='ltr'>multum</span> <span class='ocrx_word' id='word_1_16' title='bbox 623 556 756 628; x_wconf 87' lang='lat' dir='ltr'>temporis</span> <span class='ocrx_word' id='word_1_17' title='bbox 770 571 867 611; x_wconf 89' lang='lat' dir='ltr'>secum</span> 
     </span>
     <span class='ocr_line' id='line_1_5' title="bbox 57 627 867 689; baseline 0.002 -6"><span class='ocrx_word' id='word_1_18' title='bbox 57 630 182 683; x_wconf 85' lang='lat' dir='ltr'>invicem</span> <span class='ocrx_word' id='word_1_19' title='bbox 202 630 330 685; x_wconf 84' lang='lat' dir='ltr'>viventes</span> <span class='ocrx_word' id='word_1_20' title='bbox 349 637 376 683; x_wconf 94' lang='lat' dir='ltr'>et</span> <span class='ocrx_word' id='word_1_21' title='bbox 394 627 516 683; x_wconf 88' lang='lat' dir='ltr'>fructum</span> <span class='ocrx_word' id='word_1_22' title='bbox 539 629 679 684; x_wconf 80' lang='lat' dir='ltr'>unanimis</span> <span class='ocrx_word' id='word_1_23' title='bbox 703 630 867 689; x_wconf 70' lang='lat' dir='ltr'>concordiae</span> 
     </span>
     <span class='ocr_line' id='line_1_6' title="bbox 57 703 866 776; baseline 0.004 -19"><span class='ocrx_word' id='word_1_24' title='bbox 57 711 239 775; x_wconf 81' lang='lat' dir='ltr'>quaerentes,</span> <span class='ocrx_word' id='word_1_25' title='bbox 261 720 316 759; x_wconf 94' lang='lat' dir='ltr'>non</span> <span class='ocrx_word' id='word_1_26' title='bbox 329 703 523 770; x_wconf 80' lang='lat' dir='ltr'>inveniebant3</span> <span class='ocrx_word' id='word_1_27' title='bbox 550 704 681 774; x_wconf 90' lang='lat' dir='ltr'>quoniam</span> <span class='ocrx_word' id='word_1_28' title='bbox 694 706 785 776; x_wconf 90' lang='lat' dir='ltr'>impos</span> <span class='ocrx_word' id='word_1_29' title='bbox 800 704 866 761; x_wconf 92' lang='lat' dir='ltr'>bae-</span> 
     </span>
     <span class='ocr_line' id='line_1_7' title="bbox 57 776 867 851; baseline 0.001 -18"><span class='ocrx_word' id='word_1_30' title='bbox 57 776 162 833; x_wconf 88' lang='lat' dir='ltr'>sitabat</span> <span class='ocrx_word' id='word_1_31' title='bbox 172 778 318 833; x_wconf 87' lang='lat' dir='ltr'>muliebris</span> <span class='ocrx_word' id='word_1_32' title='bbox 329 778 389 851; x_wconf 91' lang='lat' dir='ltr'>agri</span> <span class='ocrx_word' id='word_1_33' title='bbox 399 786 471 832; x_wconf 90' lang='lat' dir='ltr'>terra</span> <span class='ocrx_word' id='word_1_34' title='bbox 481 786 564 848; x_wconf 90' lang='lat' dir='ltr'>atque</span> <span class='ocrx_word' id='word_1_35' title='bbox 574 787 683 850; x_wconf 87' lang='lat' dir='ltr'>recepto</span> <span class='ocrx_word' id='word_1_36' title='bbox 692 780 799 834; x_wconf 89' lang='lat' dir='ltr'>semine</span> <span class='ocrx_word' id='word_1_37' title='bbox 807 779 867 835; x_wconf 90' lang='lat' dir='ltr'>fru-</span> 
     </span>
     <span class='ocr_line' id='line_1_8' title="bbox 57 851 867 924; baseline 0.005 -17"><span class='ocrx_word' id='word_1_38' title='bbox 57 862 135 909; x_wconf 87' lang='lat' dir='ltr'>ctum</span> <span class='ocrx_word' id='word_1_39' title='bbox 149 853 264 909; x_wconf 89' lang='lat' dir='ltr'>minime</span> <span class='ocrx_word' id='word_1_40' title='bbox 279 852 460 924; x_wconf 82' lang='lat' dir='ltr'>producebat.</span> <span class='ocrx_word' id='word_1_41' title='bbox 500 851 579 907; x_wconf 90' lang='lat' dir='ltr'>Sicut</span> <span class='ocrx_word' id='word_1_42' title='bbox 594 854 668 907; x_wconf 90' lang='lat' dir='ltr'>anim</span> <span class='ocrx_word' id='word_1_43' title='bbox 682 854 764 908; x_wconf 88' lang='lat' dir='ltr'>istius</span> <span class='ocrx_word' id='word_1_44' title='bbox 778 863 867 911; x_wconf 90' lang='lat' dir='ltr'>terrae</span> 
     </span>
     <span class='ocr_line' id='line_1_9' title="bbox 57 927 865 1000; baseline 0 -17"><span class='ocrx_word' id='word_1_45' title='bbox 57 927 175 983; x_wconf 88' lang='lat' dir='ltr'>ariditas</span> <span class='ocrx_word' id='word_1_46' title='bbox 186 929 246 982; x_wconf 87' lang='lat' dir='ltr'>sive</span> <span class='ocrx_word' id='word_1_47' title='bbox 256 927 461 983; x_wconf 78' lang='lat' dir='ltr'>infoecunditas</span> <span class='ocrx_word' id='word_1_48' title='bbox 471 928 639 981; x_wconf 80' lang='lat' dir='ltr'>visitationis</span> <span class='ocrx_word' id='word_1_49' title='bbox 646 928 865 1000; x_wconf 89' lang='lat' dir='ltr'>deietaquarum</span> 
     </span>
     <span class='ocr_line' id='line_1_10' title="bbox 56 1000 866 1075; baseline 0 -17"><span class='ocrx_word' id='word_1_50' title='bbox 56 1000 203 1058; x_wconf 80' lang='lat' dir='ltr'>effusionis</span> <span class='ocrx_word' id='word_1_51' title='bbox 214 1010 291 1075; x_wconf 89' lang='lat' dir='ltr'>eget,</span> <span class='ocrx_word' id='word_1_52' title='bbox 306 1004 384 1057; x_wconf 90' lang='lat' dir='ltr'>sicet</span> <span class='ocrx_word' id='word_1_53' title='bbox 395 1002 522 1058; x_wconf 88' lang='lat' dir='ltr'>mulieris</span> <span class='ocrx_word' id='word_1_54' title='bbox 530 1010 602 1056; x_wconf 89' lang='lat' dir='ltr'>terra</span> <span class='ocrx_word' id='word_1_55' title='bbox 611 1018 699 1072; x_wconf 92' lang='lat' dir='ltr'>quum</span> <span class='ocrx_word' id='word_1_56' title='bbox 709 1002 744 1057; x_wconf 91' lang='lat' dir='ltr'>de</span> <span class='ocrx_word' id='word_1_57' title='bbox 754 1005 866 1074; x_wconf 89' lang='lat' dir='ltr'>proprio</span> 
     </span>
     <span class='ocr_line' id='line_1_11' title="bbox 56 1075 866 1149; baseline 0 -16"><span class='ocrx_word' id='word_1_58' title='bbox 56 1077 153 1133; x_wconf 88' lang='lat' dir='ltr'>fructu</span> <span class='ocrx_word' id='word_1_59' title='bbox 172 1076 322 1141; x_wconf 87' lang='lat' dir='ltr'>desciscat,</span> <span class='ocrx_word' id='word_1_60' title='bbox 343 1077 434 1132; x_wconf 86' lang='lat' dir='ltr'>divini</span> <span class='ocrx_word' id='word_1_61' title='bbox 453 1076 528 1132; x_wconf 92' lang='lat' dir='ltr'>oculi</span> <span class='ocrx_word' id='word_1_62' title='bbox 546 1075 580 1149; x_wconf 90' lang='lat' dir='ltr'>(e.</span> <span class='ocrx_word' id='word_1_63' title='bbox 597 1076 690 1149; x_wconf 89' lang='lat' dir='ltr'>fontis)</span> <span class='ocrx_word' id='word_1_64' title='bbox 710 1077 819 1149; x_wconf 82' lang='lat' dir='ltr'>indiget</span> <span class='ocrx_word' id='word_1_65' title='bbox 839 1086 866 1133; x_wconf 89' lang='lat' dir='ltr'>et</span> 
     </span>
     <span class='ocr_line' id='line_1_12' title="bbox 55 1149 867 1226; baseline 0 -20"><span class='ocrx_word' id='word_1_66' title='bbox 55 1152 177 1226; x_wconf 87' lang='lat' dir='ltr'>gratiae;</span> <span class='ocrx_word' id='word_1_67' title='bbox 208 1153 340 1223; x_wconf 91' lang='lat' dir='ltr'>quoniam</span> <span class='ocrx_word' id='word_1_68' title='bbox 354 1151 404 1223; x_wconf 91' lang='lat' dir='ltr'>qui</span> <span class='ocrx_word' id='word_1_69' title='bbox 418 1152 522 1224; x_wconf 89' lang='lat' dir='ltr'>optime</span> <span class='ocrx_word' id='word_1_70' title='bbox 536 1149 676 1222; x_wconf 88' lang='lat' dir='ltr'>praeest*)</span> <span class='ocrx_word' id='word_1_71' title='bbox 691 1151 764 1205; x_wconf 88' lang='lat' dir='ltr'>siout</span> <span class='ocrx_word' id='word_1_72' title='bbox 779 1151 867 1206; x_wconf 90' lang='lat' dir='ltr'>artifi-</span> 
     </span>
     <span class='ocr_line' id='line_1_13' title="bbox 54 1224 866 1299; baseline -0.002 -16"><span class='ocrx_word' id='word_1_73' title='bbox 54 1229 152 1283; x_wconf 90' lang='lat' dir='ltr'>ciosus</span> <span class='ocrx_word' id='word_1_74' title='bbox 172 1225 334 1299; x_wconf 78' lang='lat' dir='ltr'>agricultor,</span> <span class='ocrx_word' id='word_1_75' title='bbox 360 1226 503 1281; x_wconf 87' lang='lat' dir='ltr'>eradicans</span> <span class='ocrx_word' id='word_1_76' title='bbox 524 1241 557 1279; x_wconf 90' lang='lat' dir='ltr'>ea</span> <span class='ocrx_word' id='word_1_77' title='bbox 576 1240 648 1296; x_wconf 89' lang='lat' dir='ltr'>quae</span> <span class='ocrx_word' id='word_1_78' title='bbox 665 1224 866 1296; x_wconf 88' lang='lat' dir='ltr'>impedimento</span> 
     </span>
     <span class='ocr_line' id='line_1_14' title="bbox 56 1299 863 1374; baseline -0.004 -17"><span class='ocrx_word' id='word_1_79' title='bbox 56 1310 125 1357; x_wconf 86' lang='lat' dir='ltr'>sunt</span> <span class='ocrx_word' id='word_1_80' title='bbox 134 1302 236 1374; x_wconf 79' lang='lat' dir='ltr'>vigori,</span> <span class='ocrx_word' id='word_1_81' title='bbox 249 1300 389 1356; x_wconf 87' lang='lat' dir='ltr'>efficacem</span> <span class='ocrx_word' id='word_1_82' title='bbox 400 1300 576 1370; x_wconf 81' lang='lat' dir='ltr'>fertilemque</span> <span class='ocrx_word' id='word_1_83' title='bbox 586 1299 746 1353; x_wconf 86' lang='lat' dir='ltr'>seminatori</span> <span class='ocrx_word' id='word_1_84' title='bbox 757 1299 863 1365; x_wconf 91' lang='lat' dir='ltr'>reddat,</span> 
     </span>
     <span class='ocr_line' id='line_1_15' title="bbox 55 1374 865 1449; baseline -0.004 -17"><span class='ocrx_word' id='word_1_85' title='bbox 55 1377 157 1432; x_wconf 82' lang='lat' dir='ltr'>divina</span> <span class='ocrx_word' id='word_1_86' title='bbox 175 1392 242 1430; x_wconf 88' lang='lat' dir='ltr'>vero</span> <span class='ocrx_word' id='word_1_87' title='bbox 261 1378 349 1449; x_wconf 88' lang='lat' dir='ltr'>gratia</span> <span class='ocrx_word' id='word_1_88' title='bbox 369 1375 567 1448; x_wconf 79' lang='lat' dir='ltr'>perfectionem</span> <span class='ocrx_word' id='word_1_89' title='bbox 586 1374 702 1429; x_wconf 88' lang='lat' dir='ltr'>seminis</span> <span class='ocrx_word' id='word_1_90' title='bbox 724 1374 865 1446; x_wconf 89' lang='lat' dir='ltr'>propriam</span> 
     </span>
     <span class='ocr_line' id='line_1_16' title="bbox 54 1450 329 1509; baseline -0.007 -1"><span class='ocrx_word' id='word_1_91' title='bbox 54 1450 192 1508; x_wconf 84' lang='lat' dir='ltr'>concedat</span> <span class='ocrx_word' id='word_1_92' title='bbox 206 1459 329 1509; x_wconf 90' lang='lat' dir='ltr'>naturae.</span> 
     </span>
    </p>
   </div>
   <div class='ocr_carea' id='block_1_4' title="bbox 53 1593 866 2642">
    <p class='ocr_par' dir='ltr' id='par_1_4' title="bbox 53 1593 866 2642">
     <span class='ocr_line' id='line_1_17' title="bbox 114 1593 865 1668; baseline 0.001 -18"><span class='ocrx_word' id='word_1_93' title='bbox 114 1597 142 1650; x_wconf 85' lang='grc'>6.</span> <span class='ocrx_word' id='word_1_94' title='bbox 163 1594 387 1668; x_wconf 81' lang='lat' dir='ltr'>benignissimus</span> <span class='ocrx_word' id='word_1_95' title='bbox 399 1594 494 1665; x_wconf 89' lang='lat' dir='ltr'>itaque</span> <span class='ocrx_word' id='word_1_96' title='bbox 509 1593 579 1650; x_wconf 86' lang='lat' dir='ltr'>deus</span> <span class='ocrx_word' id='word_1_97' title='bbox 593 1594 724 1667; x_wconf 90' lang='lat' dir='ltr'>quoniam</span> <span class='ocrx_word' id='word_1_98' title='bbox 738 1601 865 1652; x_wconf 89' lang='lat' dir='ltr'>naturam</span> 
     </span>
     <span class='ocr_line' id='line_1_18' title="bbox 53 1669 866 1743; baseline 0 -17"><span class='ocrx_word' id='word_1_99' title='bbox 53 1673 240 1742; x_wconf 88' lang='lat' dir='ltr'>impotentem</span> <span class='ocrx_word' id='word_1_100' title='bbox 259 1670 374 1726; x_wconf 85' lang='lat' dir='ltr'>videbat</span> <span class='ocrx_word' id='word_1_101' title='bbox 393 1669 557 1736; x_wconf 88' lang='lat' dir='ltr'>humanam,</span> <span class='ocrx_word' id='word_1_102' title='bbox 578 1671 656 1724; x_wconf 88' lang='lat' dir='ltr'>misit</span> <span class='ocrx_word' id='word_1_103' title='bbox 669 1669 814 1743; x_wconf 86' lang='lat' dir='ltr'>angelum,</span> <span class='ocrx_word' id='word_1_104' title='bbox 833 1680 866 1727; x_wconf 90' lang='lat' dir='ltr'>ut</span> 
     </span>
     <span class='ocr_line' id='line_1_19' title="bbox 54 1745 864 1817; baseline -0.001 -15"><span class='ocrx_word' id='word_1_105' title='bbox 54 1745 215 1810; x_wconf 88' lang='lat' dir='ltr'>videretur,</span> <span class='ocrx_word' id='word_1_106' title='bbox 231 1746 312 1817; x_wconf 89' lang='lat' dir='ltr'>quasi</span> <span class='ocrx_word' id='word_1_107' title='bbox 321 1745 388 1802; x_wconf 91' lang='lat' dir='ltr'>boni</span> <span class='ocrx_word' id='word_1_108' title='bbox 397 1745 517 1816; x_wconf 90' lang='lat' dir='ltr'>auspicii</span> <span class='ocrx_word' id='word_1_109' title='bbox 528 1748 671 1800; x_wconf 89' lang='lat' dir='ltr'>nunciator</span> <span class='ocrx_word' id='word_1_110' title='bbox 681 1754 763 1810; x_wconf 89' lang='lat' dir='ltr'>esset,</span> <span class='ocrx_word' id='word_1_111' title='bbox 774 1746 864 1802; x_wconf 90' lang='lat' dir='ltr'>sterili</span> 
     </span>
     <span class='ocr_line' id='line_1_20' title="bbox 54 1819 864 1893; baseline 0 -17"><span class='ocrx_word' id='word_1_112' title='bbox 54 1819 231 1876; x_wconf 89' lang='lat' dir='ltr'>annuncians</span> <span class='ocrx_word' id='word_1_113' title='bbox 246 1820 281 1876; x_wconf 92' lang='lat' dir='ltr'>de</span> <span class='ocrx_word' id='word_1_114' title='bbox 294 1819 386 1893; x_wconf 91' lang='lat' dir='ltr'>prole,</span> <span class='ocrx_word' id='word_1_115' title='bbox 406 1836 436 1875; x_wconf 91' lang='lat' dir='ltr'>re</span> <span class='ocrx_word' id='word_1_116' title='bbox 451 1828 543 1874; x_wconf 70' lang='lat' dir='ltr'>umen</span> <span class='ocrx_word' id='word_1_117' title='bbox 557 1836 623 1874; x_wconf 86' lang='lat' dir='ltr'>vera</span> <span class='ocrx_word' id='word_1_118' title='bbox 630 1837 682 1892; x_wconf 91' lang='lat' dir='ltr'>per</span> <span class='ocrx_word' id='word_1_119' title='bbox 690 1821 864 1876; x_wconf 88' lang='lat' dir='ltr'>invisibilem</span> 
     </span>
     <span class='ocr_line' id='line_1_21' title="bbox 54 1894 862 1966; baseline 0.001 -15"><span class='ocrx_word' id='word_1_120' title='bbox 54 1896 191 1952; x_wconf 79' lang='lat' dir='ltr'>virtutem</span> <span class='ocrx_word' id='word_1_121' title='bbox 200 1894 310 1950; x_wconf 88' lang='lat' dir='ltr'>iussum</span> <span class='ocrx_word' id='word_1_122' title='bbox 318 1895 387 1950; x_wconf 88' lang='lat' dir='ltr'>dans</span> <span class='ocrx_word' id='word_1_123' title='bbox 399 1902 526 1960; x_wconf 87' lang='lat' dir='ltr'>naturae,</span> <span class='ocrx_word' id='word_1_124' title='bbox 538 1894 613 1966; x_wconf 92' lang='lat' dir='ltr'>quod</span> <span class='ocrx_word' id='word_1_125' title='bbox 622 1895 673 1950; x_wconf 81' lang='lat' dir='ltr'>vix</span> <span class='ocrx_word' id='word_1_126' title='bbox 682 1895 785 1951; x_wconf 88' lang='lat' dir='ltr'>factum</span> <span class='ocrx_word' id='word_1_127' title='bbox 795 1905 862 1961; x_wconf 87' lang='lat' dir='ltr'>erat,</span> 
     </span>
     <span class='ocr_line' id='line_1_22' title="bbox 54 1969 865 2041; baseline 0.001 -16"><span class='ocrx_word' id='word_1_128' title='bbox 54 1971 183 2041; x_wconf 88' lang='lat' dir='ltr'>recipere</span> <span class='ocrx_word' id='word_1_129' title='bbox 196 1979 297 2025; x_wconf 87' lang='lat' dir='ltr'>satum.</span> <span class='ocrx_word' id='word_1_130' title='bbox 336 1969 483 2040; x_wconf 88' lang='lat' dir='ltr'>Siquidem</span> <span class='ocrx_word' id='word_1_131' title='bbox 494 1969 611 2025; x_wconf 89' lang='lat' dir='ltr'>iussisse</span> <span class='ocrx_word' id='word_1_132' title='bbox 620 1969 691 2025; x_wconf 94' lang='lat' dir='ltr'>mibi</span> <span class='ocrx_word' id='word_1_133' title='bbox 702 1971 813 2027; x_wconf 87' lang='lat' dir='ltr'>videtur</span> <span class='ocrx_word' id='word_1_134' title='bbox 822 1973 865 2026; x_wconf 90' lang='lat' dir='ltr'>sic</span> 
     </span>
     <span class='ocr_line' id='line_1_23' title="bbox 54 2044 865 2119; baseline 0.001 -19"><span class='ocrx_word' id='word_1_135' title='bbox 54 2045 185 2119; x_wconf 87' lang='lat' dir='ltr'>generari</span> <span class='ocrx_word' id='word_1_136' title='bbox 201 2044 355 2110; x_wconf 89' lang='lat' dir='ltr'>hominem,</span> <span class='ocrx_word' id='word_1_137' title='bbox 377 2052 404 2100; x_wconf 92' lang='lat' dir='ltr'>et</span> <span class='ocrx_word' id='word_1_138' title='bbox 417 2046 494 2100; x_wconf 88' lang='lat' dir='ltr'>vocis</span> <span class='ocrx_word' id='word_1_139' title='bbox 509 2045 555 2100; x_wconf 92' lang='lat' dir='ltr'>dei</span> <span class='ocrx_word' id='word_1_140' title='bbox 565 2044 769 2117; x_wconf 87' lang='lat' dir='ltr'>ministeriique</span> <span class='ocrx_word' id='word_1_141' title='bbox 779 2063 865 2119; x_wconf 85' lang='lat' dir='ltr'>ange-</span> 
     </span>
     <span class='ocr_line' id='line_1_24' title="bbox 55 2118 865 2191; baseline 0 -15"><span class='ocrx_word' id='word_1_142' title='bbox 55 2123 149 2176; x_wconf 86' lang='lat' dir='ltr'>lorum</span> <span class='ocrx_word' id='word_1_143' title='bbox 163 2118 223 2174; x_wconf 88' lang='lat' dir='ltr'>fieri</span> <span class='ocrx_word' id='word_1_144' title='bbox 238 2119 342 2176; x_wconf 91' lang='lat' dir='ltr'>donum</span> <span class='ocrx_word' id='word_1_145' title='bbox 356 2136 435 2184; x_wconf 90' lang='lat' dir='ltr'>eum,</span> <span class='ocrx_word' id='word_1_146' title='bbox 456 2121 506 2191; x_wconf 92' lang='lat' dir='ltr'>qui</span> <span class='ocrx_word' id='word_1_147' title='bbox 520 2119 626 2174; x_wconf 89' lang='lat' dir='ltr'>divinis</span> <span class='ocrx_word' id='word_1_148' title='bbox 636 2120 865 2176; x_wconf 88' lang='lat' dir='ltr'>mandatisobse-</span> 
     </span>
     <span class='ocr_line' id='line_1_25' title="bbox 55 2195 864 2266; baseline 0 -16"><span class='ocrx_word' id='word_1_149' title='bbox 55 2195 158 2266; x_wconf 88' lang='lat' dir='ltr'>quium</span> <span class='ocrx_word' id='word_1_150' title='bbox 178 2204 366 2266; x_wconf 88' lang='lat' dir='ltr'>praestaturus</span> <span class='ocrx_word' id='word_1_151' title='bbox 386 2203 453 2250; x_wconf 90' lang='lat' dir='ltr'>erat.</span> <span class='ocrx_word' id='word_1_152' title='bbox 497 2196 539 2250; x_wconf 90' lang='lat' dir='ltr'>Ne</span> <span class='ocrx_word' id='word_1_153' title='bbox 557 2195 651 2265; x_wconf 87' lang='lat' dir='ltr'>itaque</span> <span class='ocrx_word' id='word_1_154' title='bbox 670 2195 864 2250; x_wconf 89' lang='lat' dir='ltr'>universorum</span> 
     </span>
     <span class='ocr_line' id='line_1_26' title="bbox 56 2266 864 2343; baseline 0 -19"><span class='ocrx_word' id='word_1_155' title='bbox 56 2269 129 2338; x_wconf 71' lang='lat' dir='ltr'>deus</span> <span class='ocrx_word' id='word_1_156' title='bbox 145 2270 268 2326; x_wconf 88' lang='lat' dir='ltr'>alienum</span> <span class='ocrx_word' id='word_1_157' title='bbox 281 2269 428 2342; x_wconf 89' lang='lat' dir='ltr'>quidpiam</span> <span class='ocrx_word' id='word_1_158' title='bbox 443 2268 478 2341; x_wconf 86' lang='lat' dir='ltr'>(s.</span> <span class='ocrx_word' id='word_1_159' title='bbox 492 2267 652 2341; x_wconf 87' lang='lat' dir='ltr'>quemdam)</span> <span class='ocrx_word' id='word_1_160' title='bbox 669 2266 706 2343; x_wconf 74' lang='grc' dir='ltr'>[Ἴ</span> <span class='ocrx_word' id='word_1_161' title='bbox 724 2269 864 2342; x_wconf 89' lang='lat' dir='ltr'>direptum</span> 
     </span>
     <span class='ocr_line' id='line_1_27' title="bbox 55 2343 864 2417; baseline -0.001 -18"><span class='ocrx_word' id='word_1_162' title='bbox 55 2347 87 2400; x_wconf 91' lang='lat' dir='ltr'>in</span> <span class='ocrx_word' id='word_1_163' title='bbox 102 2345 248 2417; x_wconf 90' lang='lat' dir='ltr'>proprium</span> <span class='ocrx_word' id='word_1_164' title='bbox 262 2361 344 2400; x_wconf 89' lang='lat' dir='ltr'>usum</span> <span class='ocrx_word' id='word_1_165' title='bbox 359 2351 490 2409; x_wconf 86' lang='lat' dir='ltr'>verteret,</span> <span class='ocrx_word' id='word_1_166' title='bbox 512 2343 632 2415; x_wconf 91' lang='lat' dir='ltr'>desuper</span> <span class='ocrx_word' id='word_1_167' title='bbox 645 2343 739 2414; x_wconf 92' lang='lat' dir='ltr'>ipsum</span> <span class='ocrx_word' id='word_1_168' title='bbox 754 2346 795 2398; x_wconf 91' lang='lat' dir='ltr'>eis</span> <span class='ocrx_word' id='word_1_169' title='bbox 814 2346 864 2414; x_wconf 89' lang='lat' dir='ltr'>qui</span> 
     </span>
     <span class='ocr_line' id='line_1_28' title="bbox 55 2417 865 2493; baseline -0.002 -19"><span class='ocrx_word' id='word_1_170' title='bbox 55 2436 112 2475; x_wconf 93' lang='lat' dir='ltr'>non</span> <span class='ocrx_word' id='word_1_171' title='bbox 129 2421 290 2485; x_wconf 88' lang='lat' dir='ltr'>inveniunt,</span> <span class='ocrx_word' id='word_1_172' title='bbox 310 2421 395 2493; x_wconf 87' lang='lat' dir='ltr'>gratis</span> <span class='ocrx_word' id='word_1_173' title='bbox 411 2420 568 2492; x_wconf 82' lang='lat' dir='ltr'>impertitur</span> <span class='ocrx_word' id='word_1_174' title='bbox 586 2417 793 2488; x_wconf 89' lang='lat' dir='ltr'>acceptantibus</span> <span class='ocrx_word' id='word_1_175' title='bbox 813 2434 865 2488; x_wconf 93' lang='lat' dir='ltr'>pa-</span> 
     </span>
     <span class='ocr_line' id='line_1_29' title="bbox 55 2494 865 2567; baseline -0.001 -19"><span class='ocrx_word' id='word_1_176' title='bbox 55 2494 186 2549; x_wconf 88' lang='lat' dir='ltr'>rentibus</span> <span class='ocrx_word' id='word_1_177' title='bbox 195 2495 230 2549; x_wconf 92' lang='lat' dir='ltr'>de</span> <span class='ocrx_word' id='word_1_178' title='bbox 239 2503 322 2567; x_wconf 90' lang='lat' dir='ltr'>partu</span> <span class='ocrx_word' id='word_1_179' title='bbox 331 2495 556 2562; x_wconf 67' lang='lat' dir='ltr'>collocutionem</span> <span class='ocrx_word' id='word_1_180' title='bbox 578 2499 753 2548; x_wconf 90' lang='lat' dir='ltr'>nuncautem</span> <span class='ocrx_word' id='word_1_181' title='bbox 763 2507 865 2562; x_wconf 90' lang='lat' dir='ltr'>paren-</span> 
     </span>
     <span class='ocr_line' id='line_1_30' title="bbox 55 2565 864 2642; baseline -0.001 -18"><span class='ocrx_word' id='word_1_182' title='bbox 55 2569 134 2624; x_wconf 90' lang='lat' dir='ltr'>tibus</span> <span class='ocrx_word' id='word_1_183' title='bbox 149 2569 290 2641; x_wconf 83' lang='lat' dir='ltr'>tamqiiam</span> <span class='ocrx_word' id='word_1_184' title='bbox 304 2570 392 2642; x_wconf 89' lang='lat' dir='ltr'>prolis</span> <span class='ocrx_word' id='word_1_185' title='bbox 402 2569 535 2626; x_wconf 90' lang='lat' dir='ltr'>nascendi</span> <span class='ocrx_word' id='word_1_186' title='bbox 545 2565 737 2624; x_wconf 89' lang='lat' dir='ltr'>instrumentis</span> <span class='ocrx_word' id='word_1_187' title='bbox 747 2565 864 2638; x_wconf 81' lang='lat' dir='ltr'>gloriam</span> 
     </span>
    </p>
   </div>
   <div class='ocr_carea' id='block_1_5' title="bbox 50 2705 865 2860">
    <p class='ocr_par' dir='ltr' id='par_1_5' title="bbox 50 2705 865 2860">
     <span class='ocr_line' id='line_1_31' title="bbox 108 2705 864 2766; baseline -0.008 -16"><span class='ocrx_word' id='word_1_188' title='bbox 108 2709 220 2756; x_wconf 79' lang='lat' dir='ltr'>¹)s.lta:</span> <span class='ocrx_word' id='word_1_189' title='bbox 242 2711 629 2760; x_wconf 59' lang='lat' dir='ltr'>aquopmmmssprmest,</span> <span class='ocrx_word' id='word_1_190' title='bbox 647 2705 864 2766; x_wconf 53' lang='grc' dir='ltr'>ἀειφανή-</span> 
     </span>
     <span class='ocr_line' id='line_1_32' title="bbox 50 2757 865 2860; baseline -0.002 -60"><span class='ocrx_word' id='word_1_191' title='bbox 50 2761 214 2860; x_wconf 40' lang='lat' dir='ltr'>matianum..</span> <span class='ocrx_word' id='word_1_192' title='bbox 226 2763 322 2854; x_wconf 46' lang='lat' dir='ltr'>dinizo?</span> <span class='ocrx_word' id='word_1_193' title='bbox 330 2763 498 2814; x_wconf 67' lang='lat' dir='ltr'>inpedimentum</span> <span class='ocrx_word' id='word_1_194' title='bbox 511 2764 542 2802; x_wconf 80' lang='lat' dir='ltr'>ert</span> <span class='ocrx_word' id='word_1_195' title='bbox 554 2761 583 2800; x_wconf 81' lang='lat' dir='ltr'>ad</span> <span class='ocrx_word' id='word_1_196' title='bbox 592 2757 777 2810; x_wconf 59' lang='lat' dir='ltr'>ymerum</span> <span class='ocrx_word' id='word_1_197' title='bbox 791 2758 865 2806; x_wconf 77' lang='lat' dir='ltr'>mlbt,</span> 
     </span>
    </p>
   </div>
   <div class='ocr_carea' id='block_1_6' title="bbox 0 35 1030 3100">
    <p class='ocr_par' dir='ltr' id='par_1_6' title="bbox 0 35 1030 3100">
     <span class='ocr_line' id='line_1_33' title="bbox 0 35 1030 3100; baseline 0 0"><span class='ocrx_word' id='word_1_198' title='bbox 0 35 1030 3100; x_wconf 95' lang='lat' dir='ltr'> </span> 
     </span>
    </p>
   </div>
  </div>
 </body>
</html>
