2050 3100
89 277 204 344 [11,ttr.]
261 283 303 329 IN
322 283 495 362 empnam.
519 286 645 331 SERMO
663 286 705 333 lv.
834 280 884 334 249

128 430 208 489 Quare
226 432 284 482 dicit
296 442 381 497 pater.-
407 469 424 495 „
434 430 499 490 Quid
515 434 569 496 loc,
590 433 654 497 quod
670 436 715 483 cito
733 434 850 497 invenisti,

299 553 305 563 ,
374 500 600 570 ]ἳῖι’“ἵ(2“1,20.)Ι
688 546 690 553 .

98 611 101 614 ’
148 602 209 659 207.
234 602 321 657 Habet
330 601 425 656 'littera
437 611 495 677 tam
507 618 656 675 congruam
670 604 884 675 responsionem,

91 694 164 751 quaa
183 676 265 731 reddi
283 684 384 749 potest,
406 693 490 747 quam
504 677 674 749 allegoriam.
713 678 887 751 Perpendens

91 754 167 808 enim
188 759 298 823 tempus
322 750 463 807 sufficiens
486 753 609 807 venatori
632 753 663 806 in
684 762 785 808 venatu
804 754 888 809 breve

92 827 226 898 comperit
243 844 275 881 ac
289 826 370 882 valde
383 843 499 898 parvum
519 828 668 899 cognoscit.
707 810 750 883 ld
769 838 888 885 mentem

90 919 159 957 vero
174 901 289 962 miratus
302 909 343 956 est
356 902 481 973 sapiens,
502 902 579 973 quod
592 903 727 957 malorum
740 905 888 975 quisquam

90 978 134 1032 sic
147 984 260 1048 repente
274 990 448 1049 progressum
466 975 563 1032 iecerit
582 977 611 1031 in
632 976 765 1033 laudabili
785 979 886 1042 studio,

91 1054 131 1108 ita
146 1061 247 1107 utnon
256 1050 346 1105 solum
355 1051 481 1108 invenire
491 1052 648 1123 quaesitum
657 1054 777 1123 potuerit
785 1054 889 1109 veloci·

93 1135 161 1191 tata,
182 1126 234 1181 sed
248 1126 331 1182 etiam
343 1128 470 1181 acumine
479 1126 597 1198 optimae
608 1127 734 1191 rationis,
756 1130 781 1181 is
791 1130 839 1200 qui
850 1130 890 1182 ir-

92 1201 235 1257 rationalis
257 1202 346 1275 magis
369 1209 396 1257 et
417 1202 562 1275 imperitus
587 1201 749 1257 censebatur
774 1210 801 1256 et
827 1219 889 1257 vera

91 1294 224 1349 quercus.
322 1297 325 1302 >

131 1368 169 1432 Γ]
190 1365 385 1431 correspondit:
413 1364 512 1431 „Quod
527 1368 592 1417 dedit
609 1366 714 1416 dominam
730 1366 754 1415 in
771 1381 852 1414 manus

399 1439 502 1485 meoa“t
525 1437 584 1501 (ib.)

149 1538 210 1592 208.
235 1536 334 1592 Nobile
348 1545 390 1593 est
405 1545 432 1593 et
445 1536 497 1594 hoc
510 1553 673 1610 responsum
683 1534 890 1607 condecensque

148 1779 229 1836 Quare
246 1780 305 1830 dizit
319 1789 407 1844 pater:
432 1777 525 1843 „Quid
541 1791 575 1830 eet
592 1780 656 1843 quod
672 1780 715 1829 boc
732 1789 779 1828 taor
797 1780 842 1828 sito

353 1847 536 1910 invocastipfilt'
552 1848 622 1896 mi“l
647 1867 649 1872 ’

152 1932 212 1988 2οἺ.
238 1933 325 1988 llabet
341 1933 458 1988 oratoria
476 1949 539 2002 pars
554 1932 744 1988 rationabilem
758 1929 891 1985 redditio-

96 2023 174 2070 nem,
192 2007 322 2080 allegoria
330 2024 441 2079 quoque
451 2015 525 2062 tanto
535 2007 644 2060 melius.
683 2006 891 2061 Dementienim

95 2081 267 2137 sufficientes
281 2100 371 2138 moras
386 2083 526 2137 venationi
539 2082 801 2152 compendiosiorem
812 2082 892 2135 inve-

96 2158 140 2211 nit
148 2165 177 2212 et
184 2158 277 2212 minus
286 2174 371 2229 mam
384 2157 548 2213 aestimavit.
587 2155 673 2212 Altior
688 2165 778 2212 autem
793 2171 890 2210 sensus

95 2232 256 2303 iteposcit.v
282 2233 396 2290 Miratur
405 2232 541 2304 prudens,
552 2231 577 2284 si
587 2239 643 2286 tam
653 2232 711 2286 cito
715 2247 817 2302 pravus
828 2245 891 2285 eru·

95 2305 173 2360 ditus
183 2308 220 2362 sit
228 2310 371 2378 repentino
380 2307 473 2362 studio
483 2304 654 2370 melioratus,
676 2315 772 2360 utnon
786 2313 891 2359 tantum

95 2390 248 2436 assumeret
256 2382 455 2438 industriorum
464 2380 567 2444 titulos,
580 2379 629 2435 sed
641 2382 723 2435 etiam
733 2397 782 2452 per
792 2386 892 2434 semet-

93 2457 190 2527 ipsum
209 2458 335 2512 invenire
353 2457 488 2529 potuisset
505 2455 643 2518 celeriter,
671 2464 727 2509 tam
746 2453 837 2508 subito
857 2469 892 2506 ex

94 2531 195 2586 inertia
210 2530 384 2604 ingeniosus,
409 2531 460 2602 qui
477 2530 586 2601 pridem
606 2530 714 2602 ligneus
734 2543 793 2582 esse
811 2535 892 2596 pute·
943 2537 947 2546 ’

94 2605 186 2660 batur.

100 2709 180 2769 Quare
194 2714 328 2778 respondit:
347 2750 363 2777 ‚,
374 2711 444 2770 Quod
459 2712 557 2762 tradidit
570 2711 674 2760 dominos
688 2709 712 2756 in
722 2713 793 2770 pecto
804 2720 854 2751 meo
862 2706 893 2750 “t

152 2816 213 2871 2⁰8.
234 2813 258 2870 0
271 2815 394 2871 sobriosa
408 2814 549 2887 responsio
560 2822 587 2868 et
597 2818 658 2882 apta
669 2807 796 2880 religioso
807 2805 892 2858 animi
