<?xml version="1.0" encoding="UTF-8"?>
<!DOCTYPE html PUBLIC "-//W3C//DTD XHTML 1.0 Transitional//EN"
    "http://www.w3.org/TR/xhtml1/DTD/xhtml1-transitional.dtd">
<html xmlns="http://www.w3.org/1999/xhtml" xml:lang="en" lang="en">
 <head>
  <title>
</title>
<meta http-equiv="Content-Type" content="text/html;charset=utf-8" />
  <meta name='ocr-system' content='tesseract 3.04.00' />
  <meta name='ocr-capabilities' content='ocr_page ocr_carea ocr_par ocr_line ocrx_word'/>
</head>
<body>
  <div class='ocr_page' id='page_1' title='image "./operaomniaadlib02philgoog/operaomniaadlib02philgoog_0592.png"; bbox 0 0 2050 3100; ppageno 0'>
   <div class='ocr_carea' id='block_1_1' title="bbox 54 224 852 292">
    <p class='ocr_par' dir='ltr' id='par_1_1' title="bbox 54 224 852 292">
     <span class='ocr_line' id='line_1_1' title="bbox 54 224 852 292; baseline 0.014 -17"><span class='ocrx_word' id='word_1_1' title='bbox 54 225 89 292; x_wconf 82' lang='lat' dir='ltr'>[t‚</span> <span class='ocrx_word' id='word_1_2' title='bbox 103 224 162 290; x_wconf 66' lang='lat' dir='ltr'>lid]</span> <span class='ocrx_word' id='word_1_3' title='bbox 259 232 330 279; x_wconf 89' lang='lat' dir='ltr'><strong>LIB.</strong></span> <span class='ocrx_word' id='word_1_4' title='bbox 348 233 398 278; x_wconf 89' lang='lat' dir='ltr'>DE</span> <span class='ocrx_word' id='word_1_5' title='bbox 417 234 659 290; x_wconf 59' lang='lat' dir='ltr'>attentamus,</span> <span class='ocrx_word' id='word_1_6' title='bbox 805 235 852 286; x_wconf 78' lang='lat' dir='ltr'>ll9</span> 
     </span>
    </p>
   </div>
   <div class='ocr_carea' id='block_1_2' title="bbox 12 332 855 631">
    <p class='ocr_par' dir='ltr' id='par_1_2' title="bbox 12 332 855 631">
     <span class='ocr_line' id='line_1_2' title="bbox 52 332 854 411; baseline 0.011 -24"><span class='ocrx_word' id='word_1_7' title='bbox 52 332 138 387; x_wconf 90' lang='lat' dir='ltr'>tatim</span> <span class='ocrx_word' id='word_1_8' title='bbox 148 333 330 397; x_wconf 80' lang='lat' dir='ltr'>cantantium,</span> <span class='ocrx_word' id='word_1_9' title='bbox 344 342 370 388; x_wconf 90' lang='lat' dir='ltr'>et</span> <span class='ocrx_word' id='word_1_10' title='bbox 379 333 485 398; x_wconf 82' lang='lat' dir='ltr'>audiet,</span> <span class='ocrx_word' id='word_1_11' title='bbox 497 335 559 406; x_wconf 83' lang='lat' dir='ltr'>ipso</span> <span class='ocrx_word' id='word_1_12' title='bbox 568 339 755 408; x_wconf 85' lang='lat' dir='ltr'>experimento</span> <span class='ocrx_word' id='word_1_13' title='bbox 764 343 854 411; x_wconf 89' lang='lat' dir='ltr'>operis</span> 
     </span>
     <span class='ocr_line' id='line_1_3' title="bbox 53 404 855 482; baseline 0.015 -23"><span class='ocrx_word' id='word_1_14' title='bbox 53 407 138 478; x_wconf 86' lang='lat' dir='ltr'>prius</span> <span class='ocrx_word' id='word_1_15' title='bbox 149 404 274 471; x_wconf 86' lang='lat' dir='ltr'>edoctus,</span> <span class='ocrx_word' id='word_1_16' title='bbox 296 407 432 462; x_wconf 87' lang='lat' dir='ltr'>mendacii</span> <span class='ocrx_word' id='word_1_17' title='bbox 447 409 576 482; x_wconf 81' lang='lat' dir='ltr'>redargui</span> <span class='ocrx_word' id='word_1_18' title='bbox 590 419 648 466; x_wconf 92' lang='lat' dir='ltr'>tum</span> <span class='ocrx_word' id='word_1_19' title='bbox 657 430 687 468; x_wconf 86' lang='lat' dir='ltr'>se</span> <span class='ocrx_word' id='word_1_20' title='bbox 697 421 755 469; x_wconf 91' lang='lat' dir='ltr'>tum</span> <span class='ocrx_word' id='word_1_21' title='bbox 765 425 855 471; x_wconf 87' lang='lat' dir='ltr'>caete-</span> 
     </span>
     <span class='ocr_line' id='line_1_4' title="bbox 53 483 855 560; baseline 0.014 -24"><span class='ocrx_word' id='word_1_22' title='bbox 53 497 102 536; x_wconf 91' lang='lat' dir='ltr'>ros</span> <span class='ocrx_word' id='word_1_23' title='bbox 114 498 222 545; x_wconf 82' lang='lat' dir='ltr'>omnes,</span> <span class='ocrx_word' id='word_1_24' title='bbox 238 483 287 552; x_wconf 90' lang='lat' dir='ltr'>qui</span> <span class='ocrx_word' id='word_1_25' title='bbox 298 483 465 539; x_wconf 87' lang='lat' dir='ltr'>irrationalia</span> <span class='ocrx_word' id='word_1_26' title='bbox 475 502 536 540; x_wconf 86' lang='lat' dir='ltr'>esse</span> <span class='ocrx_word' id='word_1_27' title='bbox 546 487 694 542; x_wconf 85' lang='lat' dir='ltr'>animantia</span> <span class='ocrx_word' id='word_1_28' title='bbox 704 506 753 560; x_wconf 91' lang='lat' dir='ltr'>pro</span> <span class='ocrx_word' id='word_1_29' title='bbox 764 489 855 546; x_wconf 83' lang='lat' dir='ltr'>lubitu</span> 
     </span>
     <span class='ocr_line' id='line_1_5' title="bbox 12 555 731 631; baseline 0.011 -21"><span class='ocrx_word' id='word_1_30' title='bbox 12 577 13 580; x_wconf 42' lang='lat'>¹</span> <span class='ocrx_word' id='word_1_31' title='bbox 54 555 181 630; x_wconf 82' lang='lat' dir='ltr'>lingunt,</span> <span class='ocrx_word' id='word_1_32' title='bbox 193 558 303 611; x_wconf 91' lang='lat' dir='ltr'>nonnisi</span> <span class='ocrx_word' id='word_1_33' title='bbox 313 560 437 630; x_wconf 73' lang='grc' dir='ltr'><strong><em>φιλαυτίᾳ</em></strong></span> <span class='ocrx_word' id='word_1_34' title='bbox 446 558 476 612; x_wconf 93' lang='lat' dir='ltr'>id</span> <span class='ocrx_word' id='word_1_35' title='bbox 486 562 578 631; x_wconf 89' lang='lat' dir='ltr'>ipsum</span> <span class='ocrx_word' id='word_1_36' title='bbox 589 561 731 618; x_wconf 85' lang='lat' dir='ltr'>suadente.</span> 
     </span>
    </p>
   </div>
   <div class='ocr_carea' id='block_1_3' title="bbox 11 689 856 1801">
    <p class='ocr_par' dir='ltr' id='par_1_3' title="bbox 12 689 856 764">
     <span class='ocr_line' id='line_1_6' title="bbox 12 689 856 764; baseline 0.012 -21"><span class='ocrx_word' id='word_1_37' title='bbox 12 727 14 758; x_wconf 28' lang='grc' dir='ltr'><strong>ᾗ</strong></span> <span class='ocrx_word' id='word_1_38' title='bbox 119 693 159 744; x_wconf 81' lang='lat' dir='ltr'>tt.</span> <span class='ocrx_word' id='word_1_39' title='bbox 178 689 233 745; x_wconf 86' lang='lat' dir='ltr'>Sed</span> <span class='ocrx_word' id='word_1_40' title='bbox 247 690 316 763; x_wconf 91' lang='lat' dir='ltr'>quid</span> <span class='ocrx_word' id='word_1_41' title='bbox 329 701 434 763; x_wconf 86' lang='lat' dir='ltr'>oportet</span> <span class='ocrx_word' id='word_1_42' title='bbox 447 693 529 764; x_wconf 91' lang='lat' dir='ltr'>plura</span> <span class='ocrx_word' id='word_1_43' title='bbox 541 693 642 750; x_wconf 85' lang='lat' dir='ltr'>addere</span> <span class='ocrx_word' id='word_1_44' title='bbox 657 694 691 751; x_wconf 94' lang='lat' dir='ltr'>de</span> <span class='ocrx_word' id='word_1_45' title='bbox 709 697 793 753; x_wconf 91' lang='lat' dir='ltr'>verbo</span> <span class='ocrx_word' id='word_1_46' title='bbox 809 716 856 753; x_wconf 87' lang='lat' dir='ltr'>so-</span> 
     </span>
    </p>

    <p class='ocr_par' dir='ltr' id='par_1_4' title="bbox 11 765 856 1801">
     <span class='ocr_line' id='line_1_7' title="bbox 54 765 856 839; baseline 0.011 -19"><span class='ocrx_word' id='word_1_47' title='bbox 54 773 155 829; x_wconf 84' lang='lat' dir='ltr'>nante,</span> <span class='ocrx_word' id='word_1_48' title='bbox 176 765 269 821; x_wconf 89' lang='lat' dir='ltr'>relicta</span> <span class='ocrx_word' id='word_1_49' title='bbox 284 767 400 832; x_wconf 87' lang='lat' dir='ltr'>ratione,</span> <span class='ocrx_word' id='word_1_50' title='bbox 422 769 535 839; x_wconf 92' lang='lat' dir='ltr'>quaein</span> <span class='ocrx_word' id='word_1_51' title='bbox 552 770 667 826; x_wconf 90' lang='lat' dir='ltr'>consilio</span> <span class='ocrx_word' id='word_1_52' title='bbox 677 772 729 826; x_wconf 91' lang='lat' dir='ltr'>sita</span> <span class='ocrx_word' id='word_1_53' title='bbox 740 771 799 828; x_wconf 85' lang='lat' dir='ltr'>est‘l</span> <span class='ocrx_word' id='word_1_54' title='bbox 815 773 856 829; x_wconf 89' lang='lat' dir='ltr'>Eo</span> 
     </span>
     <span class='ocr_line' id='line_1_8' title="bbox 11 842 853 914; baseline 0.008 -19"><span class='ocrx_word' id='word_1_55' title='bbox 11 904 15 913; x_wconf 34' lang='grc'><strong><em>1</em></strong></span> <span class='ocrx_word' id='word_1_56' title='bbox 53 842 152 911; x_wconf 88' lang='lat' dir='ltr'>itaque</span> <span class='ocrx_word' id='word_1_57' title='bbox 172 857 329 914; x_wconf 79' lang='lat' dir='ltr'>pergamus.</span> <span class='ocrx_word' id='word_1_58' title='bbox 367 842 489 898; x_wconf 83' lang='lat' dir='ltr'>Proiecto</span> <span class='ocrx_word' id='word_1_59' title='bbox 506 843 625 900; x_wconf 88' lang='lat' dir='ltr'>absurda</span> <span class='ocrx_word' id='word_1_60' title='bbox 646 846 783 903; x_wconf 89' lang='lat' dir='ltr'>dementia</span> <span class='ocrx_word' id='word_1_61' title='bbox 802 857 853 911; x_wconf 91' lang='lat' dir='ltr'>est,</span> 
     </span>
     <span class='ocr_line' id='line_1_9' title="bbox 11 916 856 992; baseline 0.009 -22"><span class='ocrx_word' id='word_1_62' title='bbox 11 958 15 988; x_wconf 48' lang='lat'><em>2</em></span> <span class='ocrx_word' id='word_1_63' title='bbox 52 916 108 972; x_wconf 89' lang='lat' dir='ltr'>ubi</span> <span class='ocrx_word' id='word_1_64' title='bbox 118 923 261 970; x_wconf 88' lang='lat' dir='ltr'>venatores</span> <span class='ocrx_word' id='word_1_65' title='bbox 271 917 438 990; x_wconf 79' lang='lat' dir='ltr'>investigant</span> <span class='ocrx_word' id='word_1_66' title='bbox 448 933 577 988; x_wconf 89' lang='lat' dir='ltr'>aprorum</span> <span class='ocrx_word' id='word_1_67' title='bbox 585 920 750 992; x_wconf 88' lang='lat' dir='ltr'>leonumque</span> <span class='ocrx_word' id='word_1_68' title='bbox 760 940 856 977; x_wconf 88' lang='lat' dir='ltr'>caver-</span> 
     </span>
     <span class='ocr_line' id='line_1_10' title="bbox 11 992 855 1069; baseline 0.007 -23"><span class='ocrx_word' id='word_1_69' title='bbox 11 1028 17 1065; x_wconf 87' lang='lat'>:</span> <span class='ocrx_word' id='word_1_70' title='bbox 52 1009 108 1046; x_wconf 90' lang='lat' dir='ltr'>nas</span> <span class='ocrx_word' id='word_1_71' title='bbox 119 999 146 1044; x_wconf 89' lang='lat' dir='ltr'>et</span> <span class='ocrx_word' id='word_1_72' title='bbox 154 999 239 1054; x_wconf 87' lang='lat' dir='ltr'>antra,</span> <span class='ocrx_word' id='word_1_73' title='bbox 252 992 366 1048; x_wconf 90' lang='lat' dir='ltr'>consilia</span> <span class='ocrx_word' id='word_1_74' title='bbox 375 993 436 1064; x_wconf 88' lang='lat' dir='ltr'>ipsa</span> <span class='ocrx_word' id='word_1_75' title='bbox 445 1008 558 1063; x_wconf 89' lang='lat' dir='ltr'>prorsus</span> <span class='ocrx_word' id='word_1_76' title='bbox 567 1010 621 1048; x_wconf 93' lang='lat' dir='ltr'>non</span> <span class='ocrx_word' id='word_1_77' title='bbox 632 995 726 1050; x_wconf 90' lang='lat' dir='ltr'>videre</span> <span class='ocrx_word' id='word_1_78' title='bbox 734 997 855 1069; x_wconf 84' lang='lat' dir='ltr'>diligen-</span> 
     </span>
     <span class='ocr_line' id='line_1_11' title="bbox 11 1066 855 1141; baseline 0.006 -21"><span class='ocrx_word' id='word_1_79' title='bbox 11 1108 18 1137; x_wconf 64' lang='lat'>,</span> <span class='ocrx_word' id='word_1_80' title='bbox 51 1067 76 1121; x_wconf 86' lang='lat' dir='ltr'>ri</span> <span class='ocrx_word' id='word_1_81' title='bbox 87 1066 229 1130; x_wconf 79' lang='lat' dir='ltr'>examine,</span> <span class='ocrx_word' id='word_1_82' title='bbox 242 1083 312 1137; x_wconf 86' lang='lat' dir='ltr'>quae</span> <span class='ocrx_word' id='word_1_83' title='bbox 323 1067 431 1122; x_wconf 89' lang='lat' dir='ltr'>animus</span> <span class='ocrx_word' id='word_1_84' title='bbox 442 1067 582 1122; x_wconf 89' lang='lat' dir='ltr'>rationalis</span> <span class='ocrx_word' id='word_1_85' title='bbox 592 1079 725 1138; x_wconf 88' lang='lat' dir='ltr'>penetrat.</span> <span class='ocrx_word' id='word_1_86' title='bbox 758 1071 855 1141; x_wconf 91' lang='lat' dir='ltr'>Siqui-</span> 
     </span>
     <span class='ocr_line' id='line_1_12' title="bbox 11 1139 854 1219; baseline 0.006 -24"><span class='ocrx_word' id='word_1_87' title='bbox 11 1197 16 1219; x_wconf 15' lang='grc' dir='ltr'>,ᾧ</span> <span class='ocrx_word' id='word_1_88' title='bbox 52 1141 123 1196; x_wconf 84' lang='lat' dir='ltr'>dom</span> <span class='ocrx_word' id='word_1_89' title='bbox 137 1139 197 1212; x_wconf 87' lang='lat' dir='ltr'>(nos</span> <span class='ocrx_word' id='word_1_90' title='bbox 210 1141 355 1214; x_wconf 81' lang='lat' dir='ltr'>philologi)</span> <span class='ocrx_word' id='word_1_91' title='bbox 370 1143 564 1197; x_wconf 84' lang='lat' dir='ltr'>consuevimus</span> <span class='ocrx_word' id='word_1_92' title='bbox 578 1152 707 1198; x_wconf 82' lang='lat' dir='ltr'>renatum</span> <span class='ocrx_word' id='word_1_93' title='bbox 721 1145 774 1208; x_wconf 88' lang='lat' dir='ltr'>ire,</span> <span class='ocrx_word' id='word_1_94' title='bbox 800 1163 854 1200; x_wconf 90' lang='lat' dir='ltr'>non</span> 
     </span>
     <span class='ocr_line' id='line_1_13' title="bbox 15 1215 855 1290; baseline 0.002 -18"><span class='ocrx_word' id='word_1_95' title='bbox 15 1268 17 1290; x_wconf 65' lang='grc'><strong>,</strong></span> <span class='ocrx_word' id='word_1_96' title='bbox 50 1217 157 1278; x_wconf 87' lang='lat' dir='ltr'>silvas,</span> <span class='ocrx_word' id='word_1_97' title='bbox 178 1233 301 1281; x_wconf 89' lang='lat' dir='ltr'>nemora,</span> <span class='ocrx_word' id='word_1_98' title='bbox 324 1217 447 1280; x_wconf 86' lang='lat' dir='ltr'>arbusta,</span> <span class='ocrx_word' id='word_1_99' title='bbox 469 1215 618 1271; x_wconf 89' lang='lat' dir='ltr'>arundines</span> <span class='ocrx_word' id='word_1_100' title='bbox 635 1218 802 1289; x_wconf 89' lang='lat' dir='ltr'>exploraturi</span> <span class='ocrx_word' id='word_1_101' title='bbox 817 1250 855 1260; x_wconf 97' lang='lat'><em>-</em></span> 
     </span>
     <span class='ocr_line' id='line_1_14' title="bbox 14 1291 854 1364; baseline 0.002 -18"><span class='ocrx_word' id='word_1_102' title='bbox 14 1353 17 1364; x_wconf 13' lang='grc' dir='ltr'>ζ</span> <span class='ocrx_word' id='word_1_103' title='bbox 50 1308 112 1346; x_wconf 93' lang='lat' dir='ltr'>non</span> <span class='ocrx_word' id='word_1_104' title='bbox 126 1291 200 1346; x_wconf 88' lang='lat' dir='ltr'>enim</span> <span class='ocrx_word' id='word_1_105' title='bbox 214 1291 243 1346; x_wconf 90' lang='lat' dir='ltr'>in</span> <span class='ocrx_word' id='word_1_106' title='bbox 257 1291 338 1346; x_wconf 88' lang='lat' dir='ltr'>silvis</span> <span class='ocrx_word' id='word_1_107' title='bbox 353 1292 511 1347; x_wconf 88' lang='lat' dir='ltr'>inanimatis</span> <span class='ocrx_word' id='word_1_108' title='bbox 525 1300 617 1346; x_wconf 87' lang='lat' dir='ltr'>nostra</span> <span class='ocrx_word' id='word_1_109' title='bbox 635 1293 744 1348; x_wconf 82' lang='lat' dir='ltr'>venatio</span> <span class='ocrx_word' id='word_1_110' title='bbox 763 1296 854 1349; x_wconf 88' lang='lat' dir='ltr'>consi-</span> 
     </span>
     <span class='ocr_line' id='line_1_15' title="bbox 13 1365 854 1440; baseline 0 -18"><span class='ocrx_word' id='word_1_111' title='bbox 13 1403 20 1433; x_wconf 56' lang='lat'>,</span> <span class='ocrx_word' id='word_1_112' title='bbox 51 1367 105 1422; x_wconf 89' lang='lat' dir='ltr'>stit</span> <span class='ocrx_word' id='word_1_113' title='bbox 120 1395 171 1430; x_wconf 81' lang='grc'>-,</span> <span class='ocrx_word' id='word_1_114' title='bbox 201 1365 250 1422; x_wconf 88' lang='lat' dir='ltr'>sed</span> <span class='ocrx_word' id='word_1_115' title='bbox 269 1367 430 1422; x_wconf 91' lang='lat' dir='ltr'>animalium</span> <span class='ocrx_word' id='word_1_116' title='bbox 450 1367 557 1438; x_wconf 86' lang='lat' dir='ltr'>species</span> <span class='ocrx_word' id='word_1_117' title='bbox 576 1367 741 1438; x_wconf 89' lang='lat' dir='ltr'>inquirendo</span> <span class='ocrx_word' id='word_1_118' title='bbox 760 1368 854 1440; x_wconf 92' lang='lat' dir='ltr'>perlu-</span> 
     </span>
     <span class='ocr_line' id='line_1_16' title="bbox 11 1437 854 1512; baseline 0.004 -16"><span class='ocrx_word' id='word_1_119' title='bbox 11 1437 21 1496; x_wconf 66' lang='grc' dir='ltr'>ἶ,</span> <span class='ocrx_word' id='word_1_120' title='bbox 50 1440 236 1512; x_wconf 84' lang='lat' dir='ltr'>strandoquc:</span> <span class='ocrx_word' id='word_1_121' title='bbox 248 1442 341 1498; x_wconf 88' lang='lat' dir='ltr'>solane</span> <span class='ocrx_word' id='word_1_122' title='bbox 351 1441 483 1496; x_wconf 87' lang='lat' dir='ltr'>videlicet</span> <span class='ocrx_word' id='word_1_123' title='bbox 492 1458 571 1496; x_wconf 90' lang='lat' dir='ltr'>mens</span> <span class='ocrx_word' id='word_1_124' title='bbox 580 1441 699 1498; x_wconf 90' lang='lat' dir='ltr'>humana</span> <span class='ocrx_word' id='word_1_125' title='bbox 707 1443 801 1499; x_wconf 89' lang='lat' dir='ltr'>indute</span> <span class='ocrx_word' id='word_1_126' title='bbox 813 1452 854 1499; x_wconf 90' lang='lat' dir='ltr'>est</span> 
     </span>
     <span class='ocr_line' id='line_1_17' title="bbox 51 1515 853 1591; baseline 0.002 -18"><span class='ocrx_word' id='word_1_127' title='bbox 51 1516 179 1589; x_wconf 81' lang='lat' dir='ltr'>imagine</span> <span class='ocrx_word' id='word_1_128' title='bbox 190 1515 320 1590; x_wconf 85' lang='lat' dir='ltr'>(divina),</span> <span class='ocrx_word' id='word_1_129' title='bbox 342 1516 473 1573; x_wconf 89' lang='lat' dir='ltr'>honorem</span> <span class='ocrx_word' id='word_1_130' title='bbox 487 1517 583 1572; x_wconf 89' lang='lat' dir='ltr'>sortita</span> <span class='ocrx_word' id='word_1_131' title='bbox 596 1533 632 1572; x_wconf 86' lang='lat' dir='ltr'>ex</span> <span class='ocrx_word' id='word_1_132' title='bbox 645 1526 741 1573; x_wconf 89' lang='lat' dir='ltr'>natura</span> <span class='ocrx_word' id='word_1_133' title='bbox 751 1518 853 1591; x_wconf 91' lang='lat' dir='ltr'>oppido</span> 
     </span>
     <span class='ocr_line' id='line_1_18' title="bbox 50 1591 851 1665; baseline 0 -16"><span class='ocrx_word' id='word_1_134' title='bbox 50 1609 189 1665; x_wconf 80' lang='lat' dir='ltr'>magnum</span> <span class='ocrx_word' id='word_1_135' title='bbox 203 1592 400 1665; x_wconf 86' lang='lat' dir='ltr'>diversumque</span> <span class='ocrx_word' id='word_1_136' title='bbox 413 1610 444 1647; x_wconf 87' lang='lat' dir='ltr'>ac</span> <span class='ocrx_word' id='word_1_137' title='bbox 461 1591 632 1647; x_wconf 85' lang='lat' dir='ltr'>differentem</span> <span class='ocrx_word' id='word_1_138' title='bbox 650 1593 685 1648; x_wconf 88' lang='lat' dir='ltr'>ab</span> <span class='ocrx_word' id='word_1_139' title='bbox 704 1593 780 1659; x_wconf 90' lang='lat' dir='ltr'>aliis,</span> <span class='ocrx_word' id='word_1_140' title='bbox 807 1595 851 1651; x_wconf 88' lang='lat' dir='ltr'>vel</span> 
     </span>
     <span class='ocr_line' id='line_1_19' title="bbox 12 1668 853 1796; baseline 0.001 -72"><span class='ocrx_word' id='word_1_141' title='bbox 12 1673 19 1705; x_wconf 38' lang='lat'>³*</span> <span class='ocrx_word' id='word_1_142' title='bbox 50 1668 172 1796; x_wconf 55' lang='lat' dir='ltr'>caetepis</span> <span class='ocrx_word' id='word_1_143' title='bbox 187 1684 298 1739; x_wconf 88' lang='lat' dir='ltr'>quoque</span> <span class='ocrx_word' id='word_1_144' title='bbox 311 1668 453 1740; x_wconf 88' lang='lat' dir='ltr'>aequalem</span> <span class='ocrx_word' id='word_1_145' title='bbox 468 1669 607 1723; x_wconf 87' lang='lat' dir='ltr'>universis</span> <span class='ocrx_word' id='word_1_146' title='bbox 619 1668 765 1725; x_wconf 90' lang='lat' dir='ltr'>utilitatem</span> <span class='ocrx_word' id='word_1_147' title='bbox 776 1669 853 1734; x_wconf 83' lang='lat' dir='ltr'>dedit</span> 
     </span>
     <span class='ocr_line' id='line_1_20' title="bbox 50 1746 125 1801; baseline -0.035 -1.368"><span class='ocrx_word' id='word_1_148' title='bbox 50 1746 125 1801; x_wconf 88' lang='lat' dir='ltr'>deus</span> 
     </span>
    </p>
   </div>
   <div class='ocr_carea' id='block_1_4' title="bbox 11 1867 852 2092">
    <p class='ocr_par' dir='ltr' id='par_1_5' title="bbox 11 1867 852 2092">
     <span class='ocr_line' id='line_1_21' title="bbox 12 1867 852 1941; baseline 0.004 -18"><span class='ocrx_word' id='word_1_149' title='bbox 12 1908 18 1934; x_wconf 14' lang='lat'>1,</span> <span class='ocrx_word' id='word_1_150' title='bbox 114 1868 155 1923; x_wconf 79' lang='grc' dir='ltr'>Π.</span> <span class='ocrx_word' id='word_1_151' title='bbox 166 1867 262 1940; x_wconf 85' lang='lat' dir='ltr'>Neque</span> <span class='ocrx_word' id='word_1_152' title='bbox 270 1868 370 1923; x_wconf 86' lang='lat' dir='ltr'>melius</span> <span class='ocrx_word' id='word_1_153' title='bbox 381 1868 529 1941; x_wconf 87' lang='lat' dir='ltr'>quicquam</span> <span class='ocrx_word' id='word_1_154' title='bbox 538 1869 669 1926; x_wconf 84' lang='lat' dir='ltr'>videntur</span> <span class='ocrx_word' id='word_1_155' title='bbox 677 1870 747 1925; x_wconf 89' lang='lat' dir='ltr'>mihi</span> <span class='ocrx_word' id='word_1_156' title='bbox 757 1888 852 1926; x_wconf 86' lang='lat' dir='ltr'>omnes</span> 
     </span>
     <span class='ocr_line' id='line_1_22' title="bbox 11 1942 851 2015; baseline 0 -14"><span class='ocrx_word' id='word_1_157' title='bbox 11 1978 17 2009; x_wconf 62' lang='lat' dir='ltr'>,r</span> <span class='ocrx_word' id='word_1_158' title='bbox 50 1942 180 2001; x_wconf 87' lang='lat' dir='ltr'>veritatis</span> <span class='ocrx_word' id='word_1_159' title='bbox 191 1942 287 2015; x_wconf 92' lang='lat' dir='ltr'>cupidi</span> <span class='ocrx_word' id='word_1_160' title='bbox 296 1944 465 2015; x_wconf 84' lang='lat' dir='ltr'>pervidisse,</span> <span class='ocrx_word' id='word_1_161' title='bbox 477 1946 532 2000; x_wconf 89' lang='lat' dir='ltr'>nisi</span> <span class='ocrx_word' id='word_1_162' title='bbox 543 1946 603 2000; x_wconf 88' lang='lat' dir='ltr'>sine</span> <span class='ocrx_word' id='word_1_163' title='bbox 611 1946 670 2000; x_wconf 92' lang='lat' dir='ltr'>ulla</span> <span class='ocrx_word' id='word_1_164' title='bbox 680 1946 851 2001; x_wconf 86' lang='lat' dir='ltr'>dubitatione</span> 
     </span>
     <span class='ocr_line' id='line_1_23' title="bbox 11 2020 852 2092; baseline 0 -16"><span class='ocrx_word' id='word_1_165' title='bbox 11 2052 23 2085; x_wconf 58' lang='lat' dir='ltr'>a</span> <span class='ocrx_word' id='word_1_166' title='bbox 50 2021 192 2076; x_wconf 85' lang='lat' dir='ltr'>fateantur</span> <span class='ocrx_word' id='word_1_167' title='bbox 204 2036 259 2073; x_wconf 89' lang='lat' dir='ltr'>uno</span> <span class='ocrx_word' id='word_1_168' title='bbox 274 2036 422 2084; x_wconf 90' lang='lat' dir='ltr'>consensu,</span> <span class='ocrx_word' id='word_1_169' title='bbox 444 2020 519 2092; x_wconf 91' lang='lat' dir='ltr'>quod</span> <span class='ocrx_word' id='word_1_170' title='bbox 530 2021 677 2076; x_wconf 90' lang='lat' dir='ltr'>consilium</span> <span class='ocrx_word' id='word_1_171' title='bbox 686 2022 754 2076; x_wconf 88' lang='lat' dir='ltr'>insit</span> <span class='ocrx_word' id='word_1_172' title='bbox 761 2022 852 2077; x_wconf 91' lang='lat' dir='ltr'>omni-</span> 
     </span>
    </p>
   </div>
   <div class='ocr_carea' id='block_1_5' title="bbox 11 2093 852 2618">
    <p class='ocr_par' dir='ltr' id='par_1_6' title="bbox 11 2093 852 2618">
     <span class='ocr_line' id='line_1_24' title="bbox 51 2093 852 2169; baseline 0.005 -21.81"><span class='ocrx_word' id='word_1_173' title='bbox 51 2097 109 2151; x_wconf 90' lang='lat' dir='ltr'>bus</span> <span class='ocrx_word' id='word_1_174' title='bbox 124 2094 305 2166; x_wconf 87' lang='lat' dir='ltr'>spirantibus.</span> <span class='ocrx_word' id='word_1_175' title='bbox 345 2093 469 2149; x_wconf 86' lang='lat' dir='ltr'>Firmum</span> <span class='ocrx_word' id='word_1_176' title='bbox 478 2105 569 2150; x_wconf 88' lang='lat' dir='ltr'>autem</span> <span class='ocrx_word' id='word_1_177' title='bbox 578 2105 769 2169; x_wconf 79' lang='lat' dir='ltr'>argumentum</span> <span class='ocrx_word' id='word_1_178' title='bbox 779 2098 852 2151; x_wconf 90' lang='lat' dir='ltr'>acci-</span> 
     </span>
     <span class='ocr_line' id='line_1_25' title="bbox 50 2168 851 2245; baseline 0 -20"><span class='ocrx_word' id='word_1_179' title='bbox 50 2174 113 2245; x_wconf 90' lang='lat' dir='ltr'>pict</span> <span class='ocrx_word' id='word_1_180' title='bbox 123 2170 277 2241; x_wconf 79' lang='lat' dir='ltr'>quispiam,</span> <span class='ocrx_word' id='word_1_181' title='bbox 289 2171 489 2241; x_wconf 88' lang='lat' dir='ltr'>praetermissis</span> <span class='ocrx_word' id='word_1_182' title='bbox 497 2168 534 2244; x_wconf 87' lang='lat'>[*]</span> <span class='ocrx_word' id='word_1_183' title='bbox 542 2171 604 2225; x_wconf 91' lang='lat' dir='ltr'>aliis</span> <span class='ocrx_word' id='word_1_184' title='bbox 614 2171 768 2234; x_wconf 83' lang='lat' dir='ltr'>momentis,</span> <span class='ocrx_word' id='word_1_185' title='bbox 780 2187 851 2242; x_wconf 89' lang='lat' dir='ltr'>quae</span> 
     </span>
     <span class='ocr_line' id='line_1_26' title="bbox 16 2244 851 2320; baseline 0.002 -23"><span class='ocrx_word' id='word_1_186' title='bbox 16 2289 19 2297; x_wconf 76' lang='grc'>,</span> <span class='ocrx_word' id='word_1_187' title='bbox 49 2264 103 2320; x_wconf 91' lang='lat' dir='ltr'>pro</span> <span class='ocrx_word' id='word_1_188' title='bbox 119 2244 230 2299; x_wconf 85' lang='lat' dir='ltr'>diversa</span> <span class='ocrx_word' id='word_1_189' title='bbox 245 2245 351 2317; x_wconf 79' lang='lat' dir='ltr'>ingenii</span> <span class='ocrx_word' id='word_1_190' title='bbox 366 2244 549 2317; x_wconf 88' lang='lat' dir='ltr'>amplitudine</span> <span class='ocrx_word' id='word_1_191' title='bbox 562 2246 682 2316; x_wconf 88' lang='lat' dir='ltr'>quisquc</span> <span class='ocrx_word' id='word_1_192' title='bbox 695 2254 784 2316; x_wconf 85' lang='lat' dir='ltr'>potest</span> <span class='ocrx_word' id='word_1_193' title='bbox 802 2262 851 2299; x_wconf 83' lang='lat' dir='ltr'>ex-</span> 
     </span>
     <span class='ocr_line' id='line_1_27' title="bbox 50 2317 848 2395; baseline -0.006 -18.227"><span class='ocrx_word' id='word_1_194' title='bbox 50 2318 221 2395; x_wconf 78' lang='lat' dir='ltr'>cogitare*),</span> <span class='ocrx_word' id='word_1_195' title='bbox 246 2336 372 2374; x_wconf 89' lang='lat' dir='ltr'>araneam</span> <span class='ocrx_word' id='word_1_196' title='bbox 391 2320 481 2390; x_wconf 86' lang='lat' dir='ltr'>ipsam</span> <span class='ocrx_word' id='word_1_197' title='bbox 501 2320 534 2391; x_wconf 88' lang='lat' dir='ltr'>(s.</span> <span class='ocrx_word' id='word_1_198' title='bbox 555 2318 704 2392; x_wconf 87' lang='lat' dir='ltr'>araneum).</span> <span class='ocrx_word' id='word_1_199' title='bbox 743 2317 848 2383; x_wconf 86' lang='lat' dir='ltr'>Viden&#39;,</span> 
     </span>
     <span class='ocr_line' id='line_1_28' title="bbox 49 2394 851 2469; baseline -0.004 -18.125"><span class='ocrx_word' id='word_1_200' title='bbox 49 2403 203 2469; x_wconf 88' lang='lat' dir='ltr'>quantum,</span> <span class='ocrx_word' id='word_1_201' title='bbox 225 2403 272 2449; x_wconf 90' lang='lat' dir='ltr'>aut</span> <span class='ocrx_word' id='word_1_202' title='bbox 284 2396 378 2466; x_wconf 89' lang='lat' dir='ltr'>quale,</span> <span class='ocrx_word' id='word_1_203' title='bbox 400 2402 426 2450; x_wconf 91' lang='lat' dir='ltr'>et</span> <span class='ocrx_word' id='word_1_204' title='bbox 435 2394 571 2466; x_wconf 92' lang='lat' dir='ltr'>quomodo</span> <span class='ocrx_word' id='word_1_205' title='bbox 583 2395 683 2447; x_wconf 93' lang='lat' dir='ltr'>mirum</span> <span class='ocrx_word' id='word_1_206' title='bbox 693 2394 745 2447; x_wconf 90' lang='lat' dir='ltr'>ista</span> <span class='ocrx_word' id='word_1_207' title='bbox 755 2410 851 2465; x_wconf 88' lang='lat' dir='ltr'>opera—</span> 
     </span>
     <span class='ocr_line' id='line_1_29' title="bbox 11 2465 851 2540; baseline -0.005 -13"><span class='ocrx_word' id='word_1_208' title='bbox 11 2465 21 2520; x_wconf 64' lang='lat'>32</span> <span class='ocrx_word' id='word_1_209' title='bbox 48 2468 167 2540; x_wconf 78' lang='lat' dir='ltr'>tur**)l</span> <span class='ocrx_word' id='word_1_210' title='bbox 195 2468 270 2537; x_wconf 87' lang='lat' dir='ltr'>Quae</span> <span class='ocrx_word' id='word_1_211' title='bbox 282 2471 369 2534; x_wconf 85' lang='lat' dir='ltr'>enim,</span> <span class='ocrx_word' id='word_1_212' title='bbox 382 2470 446 2524; x_wconf 90' lang='lat' dir='ltr'>licet</span> <span class='ocrx_word' id='word_1_213' title='bbox 455 2476 501 2524; x_wconf 92' lang='lat' dir='ltr'>aut</span> <span class='ocrx_word' id='word_1_214' title='bbox 511 2469 602 2523; x_wconf 85' lang='lat' dir='ltr'>netrix</span> <span class='ocrx_word' id='word_1_215' title='bbox 611 2483 724 2538; x_wconf 89' lang='lat' dir='ltr'>operosa</span> <span class='ocrx_word' id='word_1_216' title='bbox 734 2478 780 2523; x_wconf 86' lang='lat' dir='ltr'>aut</span> <span class='ocrx_word' id='word_1_217' title='bbox 790 2478 851 2523; x_wconf 85' lang='lat' dir='ltr'>tex-</span> 
     </span>
     <span class='ocr_line' id='line_1_30' title="bbox 15 2542 851 2618; baseline -0.004 -16"><span class='ocrx_word' id='word_1_218' title='bbox 15 2597 21 2618; x_wconf 64' lang='lat'>,</span> <span class='ocrx_word' id='word_1_219' title='bbox 49 2549 109 2602; x_wconf 85' lang='lat' dir='ltr'>trix</span> <span class='ocrx_word' id='word_1_220' title='bbox 120 2544 233 2609; x_wconf 88' lang='lat' dir='ltr'>idonea,</span> <span class='ocrx_word' id='word_1_221' title='bbox 251 2562 305 2600; x_wconf 92' lang='lat' dir='ltr'>non</span> <span class='ocrx_word' id='word_1_222' title='bbox 316 2546 371 2599; x_wconf 91' lang='lat' dir='ltr'>iam</span> <span class='ocrx_word' id='word_1_223' title='bbox 382 2544 523 2608; x_wconf 88' lang='lat' dir='ltr'>certando,</span> <span class='ocrx_word' id='word_1_224' title='bbox 538 2542 588 2597; x_wconf 91' lang='lat' dir='ltr'>sed</span> <span class='ocrx_word' id='word_1_225' title='bbox 598 2543 680 2597; x_wconf 86' lang='lat' dir='ltr'>etiam</span> <span class='ocrx_word' id='word_1_226' title='bbox 689 2543 851 2599; x_wconf 86' lang='lat' dir='ltr'>aemulando</span> 
     </span>
    </p>
   </div>
   <div class='ocr_carea' id='block_1_6' title="bbox 11 2660 852 2837">
    <p class='ocr_par' dir='ltr' id='par_1_7' title="bbox 11 2660 852 2837">
     <span class='ocr_line' id='line_1_31' title="bbox 16 2660 852 2737; baseline 0.001 -13"><span class='ocrx_word' id='word_1_227' title='bbox 16 2660 21 2720; x_wconf 58' lang='grc' dir='ltr'>τῚ</span> <span class='ocrx_word' id='word_1_228' title='bbox 104 2686 127 2734; x_wconf 73' lang='grc'>·)</span> <span class='ocrx_word' id='word_1_229' title='bbox 145 2696 163 2725; x_wconf 82' lang='lat' dir='ltr'>a.</span> <span class='ocrx_word' id='word_1_230' title='bbox 178 2696 231 2735; x_wconf 77' lang='lat' dir='ltr'>quae</span> <span class='ocrx_word' id='word_1_231' title='bbox 247 2688 270 2724; x_wconf 82' lang='lat' dir='ltr'>tn</span> <span class='ocrx_word' id='word_1_232' title='bbox 286 2688 372 2737; x_wconf 75' lang='lat' dir='ltr'>reliquia</span> <span class='ocrx_word' id='word_1_233' title='bbox 389 2685 513 2727; x_wconf 75' lang='lat' dir='ltr'>animalitas</span> <span class='ocrx_word' id='word_1_234' title='bbox 531 2685 588 2723; x_wconf 76' lang='lat' dir='ltr'>comt</span> <span class='ocrx_word' id='word_1_235' title='bbox 600 2689 687 2735; x_wconf 73' lang='lat' dir='ltr'>poemat</span> <span class='ocrx_word' id='word_1_236' title='bbox 699 2687 761 2733; x_wconf 77' lang='lat' dir='ltr'>atone</span> <span class='ocrx_word' id='word_1_237' title='bbox 773 2685 852 2733; x_wconf 74' lang='lat' dir='ltr'>inuenta·</span> 
     </span>
     <span class='ocr_line' id='line_1_32' title="bbox 11 2736 299 2790; baseline -0.007 -11"><span class='ocrx_word' id='word_1_238' title='bbox 11 2738 22 2769; x_wconf 74' lang='lat'>‘2³</span> <span class='ocrx_word' id='word_1_239' title='bbox 51 2738 192 2790; x_wconf 72' lang='lat' dir='ltr'>amplissimo.</span> <span class='ocrx_word' id='word_1_240' title='bbox 218 2736 299 2777; x_wconf 79' lang='lat' dir='ltr'>Auch.</span> 
     </span>
     <span class='ocr_line' id='line_1_33' title="bbox 11 2784 799 2837; baseline -0.001 -9"><span class='ocrx_word' id='word_1_241' title='bbox 11 2798 22 2828; x_wconf 67' lang='lat' dir='ltr'>u</span> <span class='ocrx_word' id='word_1_242' title='bbox 102 2788 139 2835; x_wconf 75' lang='lat'>¹⁸⁵)</span> <span class='ocrx_word' id='word_1_243' title='bbox 154 2784 692 2837; x_wconf 69' lang='lat' dir='ltr'>aaresgltce&#39;srmenrtm.11,at.otpmtm.</span> <span class='ocrx_word' id='word_1_244' title='bbox 718 2786 799 2827; x_wconf 77' lang='lat' dir='ltr'>Anah.</span> 
     </span>
    </p>
   </div>
   <div class='ocr_carea' id='block_1_7' title="bbox 0 0 1030 3100">
    <p class='ocr_par' dir='ltr' id='par_1_8' title="bbox 0 0 1030 3100">
     <span class='ocr_line' id='line_1_34' title="bbox 0 0 1030 3100; baseline 0 1"><span class='ocrx_word' id='word_1_245' title='bbox 0 0 1030 3100; x_wconf 95' lang='lat' dir='ltr'> </span> 
     </span>
    </p>
   </div>
  </div>
 </body>
</html>
