2050 3100
159 224 191 276 ao
383 226 566 274 ruruorars
589 224 725 270 aunam
867 218 898 285 [1,
911 221 955 285 ra]
992 273 993 288 ,

159 331 261 384 tionem
276 327 375 384 falsum
390 327 442 382 hoc
456 343 517 382 esse
531 323 647 380 suadere
665 323 824 389 videantur,
851 341 902 380 uos
918 334 958 380 ta-
992 351 993 378 t

158 421 222 458 meu
236 419 272 458 ex
285 402 365 458 nobis
380 403 449 473 ipsis
459 408 599 456 sumentes
608 400 779 470 exemplum,
799 399 957 456 secundum
992 379 993 446 l

158 477 360 534 iudiciumiam
373 477 523 538 dictorum,
545 475 734 530 examinemus
749 473 843 530 studio
861 475 958 530 erudi-

157 552 251 608 tionis.
290 550 381 617 Quum
394 550 469 604 enim
484 548 665 622 appetitiones
680 549 764 603 animi
780 551 868 604 nostri
878 553 957 622 prius

158 629 229 682 iutra
239 643 288 682 nos
296 642 347 697 per
356 624 503 680 consilium
512 623 675 696 prudentiae
685 621 825 678 efformare
839 641 958 684 consue·

157 702 292 764 serimus,
314 707 408 771 postea
422 716 487 755 vero
500 699 617 770 exsequi
637 701 756 754 nostram
773 698 956 764 voluntatem,

158 774 292 846 profecto,
305 774 331 829 si
340 781 486 846 antequam
496 773 659 846 principalis
671 771 760 846 dux*)
770 773 865 829 anima
875 793 957 831 suum

156 849 300 905 albitrium
315 848 459 904 manifeste
473 848 606 912 declaret,
631 848 695 919 quis
706 856 780 920 agat,
806 856 876 904 tunc
886 868 957 922 quaa

157 942 193 994 ex
214 924 262 979 illo
282 941 363 996 opere
382 924 521 988 oriuntur,
555 921 675 977 absurda
702 929 794 987 erunt,
829 932 858 978 et
886 941 956 996 quae

157 1009 234 1055 antea
251 1001 378 1070 praecisa
393 1003 545 1063 nouerant,
574 1015 605 1052 ea
624 997 677 1051 sub
690 997 781 1058 ,linem
802 1003 956 1071 uuusquis-

156 1092 211 1148 que
235 1091 285 1146 per
309 1091 339 1129 se
361 1081 474 1128 testatur
499 1071 567 1127 falso
589 1089 619 1126 se
643 1071 795 1126 credidisse
817 1090 871 1128 nec
901 1094 955 1130 rem

157 1151 264 1206 animae
279 1150 334 1204 iam
348 1156 439 1204 notam
454 1147 551 1203 fuisse.
595 1145 728 1213 Quoniam
747 1147 777 1208 si¹
787 1148 880 1204 anima
897 1161 955 1204 anta

156 1242 215 1280 rem
238 1223 338 1280 laetam
359 1222 505 1292 copsilium
529 1221 649 1285 iniisset,
672 1221 742 1277 nihil
765 1223 955 1294 imprudenter

157 1300 263 1373 egissit.
302 1297 364 1354 Pari
379 1297 460 1353 modo
470 1314 530 1353 esse
541 1297 675 1368 aliquem,
691 1297 740 1368 qui
750 1296 954 1370 plenitudinem

156 1373 330 1430 rationalium
349 1371 446 1428 mundi
465 1373 584 1445 partium
603 1379 724 1436 moveat,
751 1377 825 1443 patet
844 1390 896 1446 per
912 1393 952 1430 sc:

156 1447 389 1520 quemadmodum
404 1447 452 1502 ubi
467 1446 611 1502 artificiosa
627 1447 692 1502 artis
708 1446 825 1502 alicuius
844 1449 954 1522 opificia

155 1541 204 1597 per
214 1523 338 1579 homines
351 1520 387 1598 [*]
399 1515 696 1578 industrios'elaborata
711 1530 876 1590 cernuntur,
901 1535 954 1581 sta-

156 1599 206 1653 tim
217 1598 283 1652 haec
294 1600 354 1669 ipsa
364 1597 534 1662 videntibus,
546 1606 572 1653 et
582 1597 607 1652 si
617 1598 712 1670 procul
723 1596 822 1653 artilex
832 1602 880 1666 sit,
895 1620 953 1657 esse
993 1656 994 1659 ,

156 1682 245 1728 tamen
255 1672 375 1743 aliquem
387 1681 478 1744 aperte
490 1681 574 1745 patet.
614 1672 689 1744 Opus
704 1672 845 1744 siquidem
860 1677 954 1747 ipsum
993 1676 994 1681 ’

155 1748 297 1803 evidenter
310 1746 476 1803 demonstrat
492 1747 634 1813 factorem,
655 1763 822 1820 quamquam
833 1749 859 1804 is
870 1753 955 1807 mini·
993 1768 994 1841 q

156 1838 199 1877 me
209 1821 291 1877 adsit.
330 1822 400 1875 Ecce
414 1838 450 1875 ox
463 1825 576 1878 materia
592 1840 669 1877 aerea
680 1822 790 1896 elegans
801 1825 869 1879 artis
878 1828 955 1897 peri·
993 1852 994 1879 t

154 1908 199 1952 tus
209 1895 382 1952 artificiosam
391 1896 546 1952 machinam
556 1898 659 1953 sollerti
673 1898 785 1971 ingenio
794 1898 952 1970 perficiens,
993 1898 994 1903 ’

154 1974 365 2027 instrumentum
382 1980 504 2043 tempora
519 1972 713 2028 discriminans
732 1971 815 2028 dabat
833 1976 952 2038 civitati,
993 1968 994 2019 l

154 2056 185 2102 ut
204 2057 357 2118 temporum
369 2049 556 2119 -quautitatem
575 2056 786 2119 permansuras
804 2047 954 2106 divisionis
993 2026 994 2065 ¹

155 2122 330 2177 distributam
343 2132 492 2193 praestaret
505 2124 555 2187 iis,
577 2124 627 2194 qui
644 2123 748 2177 vellent
766 2125 879 2195 assequi
894 2126 955 2199 ple-

155 2214 217 2253 nam
226 2198 349 2253 notitiam
360 2198 420 2252 eius
430 2200 481 2252 rei.
501 2208 505 2213 ’
520 2197 665 2268 Siquidem
679 2197 777 2253 circuli
787 2198 954 2257 artificiosus

154 2289 239 2347 gyrus
255 2272 401 2328 duodecim
412 2273 539 2329 horarum
549 2271 623 2328 diem
633 2271 800 2347 suggerebat
809 2290 861 2346 per
870 2288 955 2350 regu-

155 2347 438 2420 lataadistautiasssl.

210 2458 253 2511 la.
274 2456 414 2511 Praeterea
429 2456 500 2511 illud
514 2473 623 2527 quoque
637 2457 757 2513 marimo
767 2458 863 2514 mirari
873 2454 956 2531 opor-

204 2592 226 2639 ⁸)
248 2594 328 2635 Graece
340 2597 430 2635 fomes
443 2594 466 2634 rt
480 2595 602 2645 ἡγεμονικὸν
614 2600 648 2645 τῆς
661 2599 739 2649 ψυχῆς,
754 2600 775 2637 lt.
790 2607 810 2637 ο.
824 2598 890 2639 nnlml
905 2610 954 2648 pm

153 2651 170 2678 ι.
185 2642 285 2689 facultas,
308 2649 470 2693 quaererem
484 2647 548 2695 regit.
572 2647 655 2689 Auch.

202 2706 238 2752 ⁸⁸)
259 2710 313 2747 Mira
329 2710 445 2758 descriptio
457 2712 572 2762 horologii,
595 2724 658 2763 quam
675 2719 747 2755 tamen
759 2695 879 2755 machinam
899 2726 953 2755 nou·

152 2754 193 2791 ulai
206 2766 263 2797 saec
277 2759 334 2799 xlv.
343 2761 378 2800 vel
391 2761 437 2801 xt'.
447 2763 556 2803 iuvenum
570 2766 667 2806 nonnulli
681 2767 847 2819 arbitrabantur.
869 2766 952 2807 Auci.
