2050 3100
158 121 208 177 276
287 128 384 174 euru
403 125 477 172 run.
498 124 657 183 Quanam
676 124 727 170 ur
746 125 825 172 aon.
851 118 956 186 [mim]

157 232 239 286 vinae
249 228 352 302 gratias
363 226 596 282 abundantissimi
606 233 671 281 sunt
683 224 786 291 lontes,
807 234 835 282 et
844 243 924 283 mens
933 232 958 282 et

157 304 286 378 cogitatio
310 303 432 358 hominis
455 303 590 374 sapientis
615 301 699 355 fontis
721 302 809 357 instar
831 309 959 358 emanant

157 379 239 434 bona.
278 377 368 450 Atque
386 393 447 432 eam
466 377 502 431 ob
520 393 633 431 causam
645 376 735 448 magis
749 375 957 439 condemnatur,

157 454 262 525 quippe
271 454 331 524 qui,
342 460 489 524 postquam
499 451 572 506 vidit
582 450 737 512 landabile,
750 450 866 523 gaudet,
880 453 958 526 eligit

157 537 183 584 et
198 527 327 583 conciliat
340 527 396 581 sibi
411 526 608 599 vituperabile.
647 524 782 592 Quoniam
792 543 877 583 caeco
885 529 958 600 peri-

157 603 264 659 clitanti
273 603 518 674 compingentique
527 618 593 656 casn
604 601 634 654 in
645 600 753 673 aliquid
767 603 850 656 venia
866 603 954 669 adest;

157 686 267 734 acutum
278 687 369 733 tamen
379 677 444 731 visu
454 675 657 732 conviciabitur
670 676 736 747 quis
749 676 823 740 iure,
844 678 898 733 vix
912 677 959 732 de-

157 753 305 809 clinantem
316 751 361 807 vel
372 759 517 806 caventem
526 751 587 806 vias
598 749 734 815 lubricas,
755 751 841 806 immo
855 761 888 809 ut
902 771 960 808 ma·

155 831 199 902 gis
209 829 320 900 proprie
330 827 435 891 dicam,
447 821 563 881 minime
573 825 662 881 tritas.
691 826 958 884 Porroaliasdican·

155 905 223 959 dum
234 904 286 958 erit
296 912 352 958 tam
363 919 446 957 unam
457 918 518 956 esse
527 899 763 965 benedictionem,
785 918 871 972 quarn
887 903 958 958 mul-

155 980 295 1051 tiplicem:
326 995 410 1034 unam
420 979 450 1032 in
460 991 571 1050 genere,
582 975 767 1047 multiplicem
778 993 844 1032 vero
853 978 886 1032 in
896 995 956 1050 spe-

156 1056 212 1121 cie,
225 1052 379 1110 secundum
389 1053 501 1109 illorum
511 1050 714 1115 diversitatem,
728 1052 779 1121 qui
790 1068 851 1108 eam
862 1070 955 1109 conse-

155 1139 289 1204 quuntur.

156 1272 194 1338 Ρ]
217 1271 282 1330 Quid
301 1280 336 1322 eat
356 1269 526 1335 „compuncto
544 1277 622 1319 αιαειιι
638 1266 713 1317 Isaac
730 1267 873 1320 «aalma
888 1269 953 1320 Esou

263 1361 274 1386 ο
354 1354 410 1387 voce
427 1353 516 1402 mapua
533 1346 557 1386 et
565 1335 676 1400 slevin
698 1335 759 1400 (ib.)

209 1449 269 1502 232.
290 1449 364 1511 Non,
377 1455 408 1502 ut
415 1454 515 1518 putant
523 1446 653 1518 quidam,
665 1446 701 1502 cb
710 1454 881 1502 senectutem
890 1461 951 1519 poe

153 1686 285 1759 quoniam
310 1684 356 1740 dei
379 1686 531 1757 gratiarum
554 1689 659 1761 copiosi
682 1697 747 1744 sunt
768 1688 869 1748 fontes.
898 1688 950 1743 imo

152 1759 228 1833 quod
244 1776 321 1813 mens
335 1759 481 1831 prudentis
496 1761 694 1818 abundantiam
709 1764 792 1820 habet
809 1764 948 1820 bonorum.
998 1737 999 1804 l

152 1834 228 1901 Quae
239 1850 321 1888 causa
332 1834 452 1906 amplius
463 1835 584 1892 eflicitur
593 1838 802 1904 conditionalis,
823 1840 950 1911 quoniam
997 1865 998 1912 t

153 1908 275 1964 videndo
289 1909 454 1975 laudabilia,
476 1911 622 1977 amabilia,
644 1914 855 1986 vituperabilia,
875 1929 949 1968 aceo
996 1965 997 1990 ,

153 1984 227 2039 enim
243 1982 391 2041 offendenti
407 1985 488 2041 datur
501 1989 597 2053 venia,
624 1990 694 2043 tanti
712 1998 805 2044 autem
820 1989 949 2044 acuminis
996 2003 997 2014 ¹

152 2060 244 2113 virum
256 2059 439 2131 reprehendat
448 2064 544 2133 quivis
554 2063 652 2118 meritc
661 2080 711 2134 pro
722 2064 818 2136 lapsis.
843 2063 949 2135 Proprie

152 2146 244 2191 tamen
259 2136 453 2207 interpretatur
468 2136 561 2209 (muru.
576 2136 744 2211 interfatur),
770 2138 845 2211 quod
860 2145 887 2193 at
899 2154 950 2193 nna

153 2220 195 2266 est
203 2210 374 2276 benedictio,
387 2220 413 2267 ot
422 2211 531 2284 pluras:
544 2230 599 2268 una
610 2212 764 2271 secundum
773 2230 876 2286 genus,
890 2213 949 2285 plu·

153 2304 196 2343 ras
212 2285 366 2343 secundum
381 2289 488 2359 species
505 2304 556 2359 pro
570 2287 723 2343 differentia
742 2287 950 2360 interponendo-

153 2381 225 2419 rum.

200 2487 266 2547 Quid
281 2499 315 2540 eat
332 2526 349 2553 „
359 2488 501 2555 Campanam
520 2489 595 2539 Isaac
612 2488 753 2539 munaus
770 2504 828 2539 voce
843 2487 912 2539 Em
991 2547 992 2558 γ

463 2567 486 2609 et
499 2557 605 2622 ploravit
613 2558 646 2605 “t

208 2660 949 2733 232.N0n,utquidamopinantur,senectutecompun·
990 2647 991 2666 ¹
