2050 3100
155 180 201 232 lid
273 180 711 237 PHIL.IUD.QUAE8T.ET
731 175 952 244 sonutam]
1021 229 1022 256 1

153 285 346 355 comperiatur,
361 280 574 337 cmniuostatim
584 280 708 335 ascendit
721 297 846 349 sursum3
876 283 953 336 sicut
1021 265 1022 282 ¹

152 360 235 415 etiam
248 375 285 412 ex
299 356 427 420 adverso,
448 356 618 426 quicumque
633 355 765 426 superbia
774 372 806 409 ac
816 354 888 411 iastu
898 374 952 411 ex-

151 432 251 489 tollens
260 432 361 486 collum
375 430 547 494 intumescit,
572 428 716 484 descendit
730 437 757 484 et
770 430 948 485 dissolvitur:

152 510 191 563 ita
205 515 236 562 ut
250 506 334 561 nimis
349 504 472 559 naturale
486 504 524 559 sit
541 504 570 558 in
588 504 686 558 ordine
705 503 871 575 disciplinae
888 522 951 559 mo-

152 599 227 644 rum,
248 580 323 651 quod
333 579 482 634 descensus
494 579 602 633 animae
612 586 654 633 est
663 578 792 633 exaltatio
800 587 898 649 suapte
909 576 947 653 [*]

153 656 316 718 sententiae,
328 662 355 709 et
367 670 497 708 ascensus
507 653 537 706 in
547 653 634 707 altum
642 654 779 723 repressio
787 652 947 725 superbiae.

152 731 254 786 Verum
265 730 323 783 lieri
333 729 443 800 nequit,
457 735 488 782 ut
498 728 562 798 quis
572 726 608 781 ad
618 728 764 782 caelestem
777 727 889 782 virtutis
905 728 949 781 lo-

152 821 216 859 cum
230 804 338 859 evolare
352 804 453 875 possit,
474 802 529 856 nisi
543 802 657 873 impleat
670 810 810 872 tamquam
819 800 949 874 hydriam

152 886 235 933 totam
246 878 365 933 animam
374 894 410 932 ex
419 877 464 931 dei
474 876 562 941 fonte,
575 893 659 948 quem
668 876 789 931 dicimus
798 892 950 949 perennem

152 970 212 1008 esse
222 953 384 1025 sapientiam
393 950 602 1025 intelligentiae.

255 1093 335 1151 Quare
349 1093 452 1143 aecana't
468 1109 548 1143 aeuus
565 1093 658 1143 obviem
672 1093 709 1143 eit
727 1095 779 1157 (24,
793 1093 845 1157 ll.)

210 1182 267 1233 tor.
287 1180 395 1250 Duplex
408 1186 449 1233 est
459 1178 520 1233 laus
532 1179 620 1242 servi,
637 1185 695 1233 tum
705 1177 816 1232 obviam
826 1192 946 1238 currere,

151 1262 210 1309 tum
224 1270 375 1310 occurrere.
413 1254 504 1309 Primo
516 1253 591 1307 enim
609 1251 809 1307 demonstratur
823 1249 948 1305 studium

150 1326 313 1400 proficiendi
328 1338 356 1383 et
371 1328 471 1399 peritia
488 1326 670 1400 perveniendi
689 1326 723 1381 ad
742 1326 855 1381 bonum.
895 1324 950 1380 Se-

88 1460 90 1464 ,
151 1403 241 1457 cundo
255 1420 319 1457 vero
335 1402 415 1457 facile
429 1401 577 1458 admodum
596 1418 708 1456 censere
725 1409 752 1455 et
765 1399 903 1454 exsultare
917 1401 947 1454 in

152 1477 242 1529 animo
257 1492 317 1539 eos,
338 1491 454 1546 quorum
467 1475 537 1531 deus
546 1475 671 1550 votum*)
681 1475 858 1547 integerrime
868 1491 948 1529 acce-

152 1557 231 1620 ptans
246 1548 409 1621 adimplevit
421 1550 591 1622 perfecitque
603 1550 787 1624 intelligentia
799 1558 827 1605 et
835 1550 949 1621 sapien-

152 1625 189 1677 tia
199 1640 234 1677 ex
242 1640 291 1676 sua
302 1624 451 1693 sapientia,
465 1641 550 1694 quam
558 1627 635 1681 velut
645 1625 747 1680 iontem
755 1625 865 1696 copiosa
875 1625 949 1679 lihe-

151 1697 257 1752 ralitate
268 1696 417 1751 extendens
427 1696 549 1754 diffudit.
587 1699 720 1766 Quoniam
733 1709 798 1755 sunt
809 1700 858 1770 qui
872 1700 949 1773 pigri

152 1780 216 1826 sunt
226 1771 260 1825 ad
271 1771 341 1825 bona
351 1771 501 1842 operanda,
517 1773 671 1829 voluntario
680 1792 755 1829 more
765 1774 834 1829 haec
844 1774 948 1829 abhor-

151 1853 254 1912 rentes;
272 1852 336 1900 sunt
350 1854 454 1910 autem,
470 1849 520 1917 qui
535 1848 641 1903 invidia
654 1850 815 1919 captisunt‚
831 1865 949 1921 negau-

151 1921 233 1974 deant
247 1918 281 1973 de
295 1919 389 1983 bonis,
410 1921 466 1976 imo
484 1921 593 1977 vultum
608 1924 691 1977 etiam
708 1931 834 1978 avertunt
847 1923 883 1977 ab
897 1925 945 1986 iis,

150 1995 199 2065 qui
212 1995 241 2047 in
256 1993 343 2064 gloria
356 2010 493 2065 operaque
506 1998 697 2068 prosperitatis
710 2006 788 2052 sunt:
810 1997 885 2068 quod
901 2015 948 2052 re·

150 2067 296 2139 prehendit
309 2066 479 2124 dominicum
494 2071 611 2126 verbum
628 2071 767 2127 laudando
785 2071 947 2142 exemplum

151 2143 317 2214 oppositum.

185 2264 265 2322 Quare
280 2282 367 2330 aquam
379 2267 512 2330 pauxillam
527 2268 631 2333 quaerit,
655 2269 748 2320 dicens:
769 2268 838 2333 „Da
855 2269 914 2318 miti

250 2333 326 2382 bibere
331 2333 454 2397 paniolum
462 2351 542 2399 aquae
551 2335 580 2384 de
591 2335 677 2402 hydria
686 2346 727 2386 tua
733 2340 765 2385 “t
782 2337 841 2399 (ib.)

207 2428 264 2482 tot.
288 2424 400 2497 Oportet
417 2444 471 2481 non
490 2427 648 2484 desiderare
660 2439 691 2485 ut
704 2430 873 2500 recipiantur
887 2447 947 2484 am-

199 2563 220 2612 l)
233 2567 301 2605 Deest
310 2566 332 2604 lu
344 2565 404 2605 Arm.
416 2576 494 2607 nomen
502 2569 670 2614 subeuntium,
684 2569 741 2617 quod
749 2579 788 2608 nos
798 2569 946 2618 supplevimus

148 2614 286 2674 adsensum
306 2616 358 2655 allas
375 2617 460 2656 vacillat
475 2621 586 2658 saumatis.
613 2619 699 2658 Poterat
713 2620 778 2657 etlam
794 2620 825 2657 sto
839 2621 905 2658 verti:
923 2621 947 2659 ln

148 2669 686 2766 aaarmrtamtacem‘
700 2669 719 2708 ‘¹
732 2669 946 2717 ”””·’·”’·’
