<?xml version="1.0" encoding="UTF-8"?>
<!DOCTYPE html PUBLIC "-//W3C//DTD XHTML 1.0 Transitional//EN"
    "http://www.w3.org/TR/xhtml1/DTD/xhtml1-transitional.dtd">
<html xmlns="http://www.w3.org/1999/xhtml" xml:lang="en" lang="en">
 <head>
  <title>
</title>
<meta http-equiv="Content-Type" content="text/html;charset=utf-8" />
  <meta name='ocr-system' content='tesseract 3.04.00' />
  <meta name='ocr-capabilities' content='ocr_page ocr_carea ocr_par ocr_line ocrx_word'/>
</head>
<body>
  <div class='ocr_page' id='page_1' title='image "./operaomniaadlib02philgoog/operaomniaadlib02philgoog_0123.png"; bbox 0 0 2050 3100; ppageno 0'>
   <div class='ocr_carea' id='block_1_1' title="bbox 142 158 985 230">
    <p class='ocr_par' dir='ltr' id='par_1_1' title="bbox 142 158 985 230">
     <span class='ocr_line' id='line_1_1' title="bbox 142 158 985 230; baseline -0.002 -17"><span class='ocrx_word' id='word_1_1' title='bbox 142 164 188 214; x_wconf 85' lang='lat' dir='ltr'><strong>t08</strong></span> <span class='ocrx_word' id='word_1_2' title='bbox 251 167 350 213; x_wconf 88' lang='lat' dir='ltr'><strong>PHIL.</strong></span> <span class='ocrx_word' id='word_1_3' title='bbox 370 164 447 230; x_wconf 69' lang='lat' dir='ltr'><strong>IQD.</strong></span> <span class='ocrx_word' id='word_1_4' title='bbox 469 164 632 222; x_wconf 81' lang='lat' dir='ltr'><strong>QUAEST.</strong></span> <span class='ocrx_word' id='word_1_5' title='bbox 652 164 703 209; x_wconf 88' lang='lat' dir='ltr'><strong>ET</strong></span> <span class='ocrx_word' id='word_1_6' title='bbox 723 164 804 211; x_wconf 79' lang='lat' dir='ltr'><strong>SOL.</strong></span> <span class='ocrx_word' id='word_1_7' title='bbox 824 158 953 227; x_wconf 59' lang='lat' dir='ltr'><strong>[Iutae]</strong></span> <span class='ocrx_word' id='word_1_8' title='bbox 968 170 985 176; x_wconf 87' lang='grc'><em>“</em></span> 
     </span>
    </p>
   </div>
   <div class='ocr_carea' id='block_1_2' title="bbox 84 264 953 1241">
    <p class='ocr_par' dir='ltr' id='par_1_2' title="bbox 84 264 953 1241">
     <span class='ocr_line' id='line_1_2' title="bbox 138 264 953 331; baseline -0.002 -8"><span class='ocrx_word' id='word_1_9' title='bbox 138 269 180 323; x_wconf 81' lang='lat' dir='ltr'><strong>Ad</strong></span> <span class='ocrx_word' id='word_1_10' title='bbox 191 277 309 323; x_wconf 90' lang='lat' dir='ltr'><strong>mentem</strong></span> <span class='ocrx_word' id='word_1_11' title='bbox 322 283 400 331; x_wconf 90' lang='lat' dir='ltr'><strong>vero,</strong></span> <span class='ocrx_word' id='word_1_12' title='bbox 413 283 491 320; x_wconf 91' lang='lat' dir='ltr'><strong>mens</strong></span> <span class='ocrx_word' id='word_1_13' title='bbox 501 273 629 320; x_wconf 80' lang='lat' dir='ltr'><strong>constans</strong></span> <span class='ocrx_word' id='word_1_14' title='bbox 640 264 765 319; x_wconf 89' lang='lat' dir='ltr'><strong>imitatur</strong></span> <span class='ocrx_word' id='word_1_15' title='bbox 775 265 867 320; x_wconf 88' lang='lat' dir='ltr'><strong>solum</strong></span> <span class='ocrx_word' id='word_1_16' title='bbox 879 284 953 321; x_wconf 90' lang='lat' dir='ltr'><strong>con-</strong></span> 
     </span>
     <span class='ocr_line' id='line_1_3' title="bbox 139 339 951 411; baseline -0.002 -13"><span class='ocrx_word' id='word_1_17' title='bbox 139 352 256 397; x_wconf 76' lang='lat' dir='ltr'><strong>stantem</strong></span> <span class='ocrx_word' id='word_1_18' title='bbox 266 342 364 398; x_wconf 91' lang='lat' dir='ltr'><strong>deum:</strong></span> <span class='ocrx_word' id='word_1_19' title='bbox 391 349 491 396; x_wconf 90' lang='lat' dir='ltr'><strong>etecce</strong></span> <span class='ocrx_word' id='word_1_20' title='bbox 502 339 678 395; x_wconf 78' lang='lat' dir='ltr'><strong>invariabilis</strong></span> <span class='ocrx_word' id='word_1_21' title='bbox 688 349 770 411; x_wconf 87' lang='lat' dir='ltr'><strong>atque</strong></span> <span class='ocrx_word' id='word_1_22' title='bbox 781 341 951 396; x_wconf 88' lang='lat' dir='ltr'><strong>immutabi-</strong></span> 
     </span>
     <span class='ocr_line' id='line_1_4' title="bbox 139 412 947 489; baseline -0.002 -16"><span class='ocrx_word' id='word_1_23' title='bbox 139 418 174 473; x_wconf 92' lang='lat' dir='ltr'><strong>lis</strong></span> <span class='ocrx_word' id='word_1_24' title='bbox 188 417 291 483; x_wconf 86' lang='lat' dir='ltr'><strong>factus,</strong></span> <span class='ocrx_word' id='word_1_25' title='bbox 313 434 402 489; x_wconf 90' lang='lat' dir='ltr'><strong>quum</strong></span> <span class='ocrx_word' id='word_1_26' title='bbox 416 416 622 471; x_wconf 76' lang='lat' dir='ltr'><strong>circumstantia</strong></span> <span class='ocrx_word' id='word_1_27' title='bbox 637 412 730 470; x_wconf 81' lang='lat' dir='ltr'><strong>om&#39;nia</strong></span> <span class='ocrx_word' id='word_1_28' title='bbox 740 415 947 487; x_wconf 87' lang='lat' dir='ltr'><strong>circumspicit,</strong></span> 
     </span>
     <span class='ocr_line' id='line_1_5' title="bbox 84 490 948 565; baseline -0.005 -17"><span class='ocrx_word' id='word_1_29' title='bbox 84 513 88 518; x_wconf 81' lang='grc'><strong>’</strong></span> <span class='ocrx_word' id='word_1_30' title='bbox 138 509 210 565; x_wconf 90' lang='lat' dir='ltr'><strong>quae</strong></span> <span class='ocrx_word' id='word_1_31' title='bbox 223 492 383 557; x_wconf 85' lang='lat' dir='ltr'><strong>sensibilia,</strong></span> <span class='ocrx_word' id='word_1_32' title='bbox 405 492 526 547; x_wconf 86' lang='lat' dir='ltr'><strong>carnalia</strong></span> <span class='ocrx_word' id='word_1_33' title='bbox 541 499 624 563; x_wconf 86' lang='lat' dir='ltr'><strong>atque</strong></span> <span class='ocrx_word' id='word_1_34' title='bbox 639 490 841 562; x_wconf 85' lang='lat' dir='ltr'><strong>cupiditatibus</strong></span> <span class='ocrx_word' id='word_1_35' title='bbox 856 492 948 545; x_wconf 88' lang='lat' dir='ltr'><strong>obno-</strong></span> 
     </span>
     <span class='ocr_line' id='line_1_6' title="bbox 138 565 947 637; baseline -0.001 -14"><span class='ocrx_word' id='word_1_36' title='bbox 138 570 186 624; x_wconf 84' lang='lat' dir='ltr'><strong>xia</strong></span> <span class='ocrx_word' id='word_1_37' title='bbox 198 576 263 623; x_wconf 91' lang='lat' dir='ltr'><strong>sunt</strong></span> <span class='ocrx_word' id='word_1_38' title='bbox 277 568 422 632; x_wconf 87' lang='lat' dir='ltr'><strong>universa,</strong></span> <span class='ocrx_word' id='word_1_39' title='bbox 446 568 641 622; x_wconf 88' lang='lat' dir='ltr'><strong>universorum</strong></span> <span class='ocrx_word' id='word_1_40' title='bbox 655 565 807 620; x_wconf 89' lang='lat' dir='ltr'><strong>substantia</strong></span> <span class='ocrx_word' id='word_1_41' title='bbox 829 576 947 637; x_wconf 86' lang='lat' dir='ltr'><strong>apparet</strong></span> 
     </span>
     <span class='ocr_line' id='line_1_7' title="bbox 138 636 945 715; baseline -0.002 -17"><span class='ocrx_word' id='word_1_42' title='bbox 138 636 170 698; x_wconf 80' lang='lat' dir='ltr'><strong>ut</strong></span> <span class='ocrx_word' id='word_1_43' title='bbox 180 661 278 715; x_wconf 86' lang='lat' dir='ltr'><strong>vapor,</strong></span> <span class='ocrx_word' id='word_1_44' title='bbox 300 642 547 698; x_wconf 80' lang='lat' dir='ltr'><strong>fornaxetfumus.</strong></span> <span class='ocrx_word' id='word_1_45' title='bbox 587 642 696 697; x_wconf 85' lang='lat' dir='ltr'><strong>Fornax</strong></span> <span class='ocrx_word' id='word_1_46' title='bbox 705 640 780 695; x_wconf 91' lang='lat' dir='ltr'><strong>enim</strong></span> <span class='ocrx_word' id='word_1_47' title='bbox 791 649 832 695; x_wconf 91' lang='lat' dir='ltr'><strong>est</strong></span> <span class='ocrx_word' id='word_1_48' title='bbox 842 642 945 697; x_wconf 87' lang='lat' dir='ltr'><strong>ardens</strong></span> 
     </span>
     <span class='ocr_line' id='line_1_8' title="bbox 139 715 945 790; baseline -0.001 -17"><span class='ocrx_word' id='word_1_49' title='bbox 139 735 239 790; x_wconf 88' lang='lat' dir='ltr'><strong>corpus</strong></span> <span class='ocrx_word' id='word_1_50' title='bbox 250 717 326 773; x_wconf 91' lang='lat' dir='ltr'><strong>istud</strong></span> <span class='ocrx_word' id='word_1_51' title='bbox 336 727 364 774; x_wconf 88' lang='lat' dir='ltr'><strong>et</strong></span> <span class='ocrx_word' id='word_1_52' title='bbox 373 718 512 773; x_wconf 84' lang='lat' dir='ltr'><strong>exhalatio</strong></span> <span class='ocrx_word' id='word_1_53' title='bbox 522 734 558 772; x_wconf 86' lang='lat' dir='ltr'><strong>cx</strong></span> <span class='ocrx_word' id='word_1_54' title='bbox 566 715 711 780; x_wconf 80' lang='lat' dir='ltr'><strong>sensibus,</strong></span> <span class='ocrx_word' id='word_1_55' title='bbox 732 716 809 771; x_wconf 87' lang='lat' dir='ltr'><strong>velut</strong></span> <span class='ocrx_word' id='word_1_56' title='bbox 823 715 858 770; x_wconf 93' lang='lat' dir='ltr'><strong>de</strong></span> <span class='ocrx_word' id='word_1_57' title='bbox 870 726 945 773; x_wconf 86' lang='lat' dir='ltr'><strong>terra</strong></span> 
     </span>
     <span class='ocr_line' id='line_1_9' title="bbox 139 789 945 865; baseline -0.001 -18"><span class='ocrx_word' id='word_1_58' title='bbox 139 811 224 865; x_wconf 89' lang='lat' dir='ltr'><strong>vapor</strong></span> <span class='ocrx_word' id='word_1_59' title='bbox 234 792 378 861; x_wconf 86' lang='lat' dir='ltr'><strong>et-fumus;</strong></span> <span class='ocrx_word' id='word_1_60' title='bbox 404 800 557 865; x_wconf 63' lang='lat' dir='ltr'><strong>quaerero</strong></span> <span class='ocrx_word' id='word_1_61' title='bbox 571 789 690 845; x_wconf 89' lang='lat' dir='ltr'><strong>flammis</strong></span> <span class='ocrx_word' id='word_1_62' title='bbox 705 790 878 846; x_wconf 80' lang='lat' dir='ltr'><strong>circumdant</strong></span> <span class='ocrx_word' id='word_1_63' title='bbox 892 810 945 847; x_wconf 91' lang='lat' dir='ltr'><strong>nos</strong></span> 
     </span>
     <span class='ocr_line' id='line_1_10' title="bbox 139 864 944 941; baseline -0.001 -18"><span class='ocrx_word' id='word_1_64' title='bbox 139 876 166 923; x_wconf 92' lang='lat' dir='ltr'><strong>et</strong></span> <span class='ocrx_word' id='word_1_65' title='bbox 181 876 355 923; x_wconf 91' lang='lat' dir='ltr'><strong>concremant</strong></span> <span class='ocrx_word' id='word_1_66' title='bbox 370 869 452 934; x_wconf 91' lang='lat' dir='ltr'><strong>vitia,</strong></span> <span class='ocrx_word' id='word_1_67' title='bbox 472 868 548 941; x_wconf 83' lang='lat' dir='ltr'><strong>ignis</strong></span> <span class='ocrx_word' id='word_1_68' title='bbox 562 864 596 939; x_wconf 84' lang='lat' dir='ltr'><strong>(s.</strong></span> <span class='ocrx_word' id='word_1_69' title='bbox 610 864 688 937; x_wconf 87' lang='lat' dir='ltr'><strong>odor)</strong></span> <span class='ocrx_word' id='word_1_70' title='bbox 708 873 735 921; x_wconf 87' lang='lat' dir='ltr'><strong>at</strong></span> <span class='ocrx_word' id='word_1_71' title='bbox 755 883 829 921; x_wconf 90' lang='lat' dir='ltr'><strong>aura.</strong></span> <span class='ocrx_word' id='word_1_72' title='bbox 869 868 944 922; x_wconf 86' lang='lat' dir='ltr'><strong>Haec</strong></span> 
     </span>
     <span class='ocr_line' id='line_1_11' title="bbox 140 940 944 1014; baseline 0 -17"><span class='ocrx_word' id='word_1_73' title='bbox 140 953 232 997; x_wconf 92' lang='lat' dir='ltr'><strong>autem</strong></span> <span class='ocrx_word' id='word_1_74' title='bbox 243 943 302 998; x_wconf 91' lang='lat' dir='ltr'><strong>fieri</strong></span> <span class='ocrx_word' id='word_1_75' title='bbox 313 960 368 998; x_wconf 90' lang='lat' dir='ltr'><strong>non</strong></span> <span class='ocrx_word' id='word_1_76' title='bbox 377 951 480 1014; x_wconf 89' lang='lat' dir='ltr'><strong>potest,</strong></span> <span class='ocrx_word' id='word_1_77' title='bbox 493 951 524 998; x_wconf 86' lang='lat' dir='ltr'><strong>ut</strong></span> <span class='ocrx_word' id='word_1_78' title='bbox 534 958 629 997; x_wconf 89' lang='lat' dir='ltr'><strong>omnes</strong></span> <span class='ocrx_word' id='word_1_79' title='bbox 639 940 806 996; x_wconf 87' lang='lat' dir='ltr'><strong>sciscitando</strong></span> <span class='ocrx_word' id='word_1_80' title='bbox 816 950 944 997; x_wconf 92' lang='lat' dir='ltr'><strong>scruten-</strong></span> 
     </span>
     <span class='ocr_line' id='line_1_12' title="bbox 138 1016 940 1087; baseline -0.001 -15"><span class='ocrx_word' id='word_1_81' title='bbox 138 1029 183 1072; x_wconf 84' lang='lat' dir='ltr'><strong>tur</strong></span> <span class='ocrx_word' id='word_1_82' title='bbox 199 1026 226 1073; x_wconf 92' lang='lat' dir='ltr'><strong>et</strong></span> <span class='ocrx_word' id='word_1_83' title='bbox 240 1034 305 1073; x_wconf 86' lang='lat' dir='ltr'><strong>vere</strong></span> <span class='ocrx_word' id='word_1_84' title='bbox 319 1016 462 1074; x_wconf 85' lang='lat' dir='ltr'><strong>advertant</strong></span> <span class='ocrx_word' id='word_1_85' title='bbox 478 1017 647 1087; x_wconf 86' lang='lat' dir='ltr'><strong>videantque</strong></span> <span class='ocrx_word' id='word_1_86' title='bbox 663 1016 764 1070; x_wconf 88' lang='lat' dir='ltr'><strong>amalo</strong></span> <span class='ocrx_word' id='word_1_87' title='bbox 778 1018 940 1087; x_wconf 75' lang='lat' dir='ltr'><strong>provenire3</strong></span> 
     </span>
     <span class='ocr_line' id='line_1_13' title="bbox 140 1092 943 1165; baseline 0 -18"><span class='ocrx_word' id='word_1_88' title='bbox 140 1094 193 1148; x_wconf 87' lang='lat' dir='ltr'><strong>soli</strong></span> <span class='ocrx_word' id='word_1_89' title='bbox 203 1095 278 1147; x_wconf 90' lang='lat' dir='ltr'><strong>enim</strong></span> <span class='ocrx_word' id='word_1_90' title='bbox 287 1094 407 1165; x_wconf 84' lang='lat' dir='ltr'><strong>sapienti</strong></span> <span class='ocrx_word' id='word_1_91' title='bbox 417 1101 480 1149; x_wconf 90' lang='lat' dir='ltr'><strong>nota</strong></span> <span class='ocrx_word' id='word_1_92' title='bbox 490 1100 555 1147; x_wconf 88' lang='lat' dir='ltr'><strong>sunt</strong></span> <span class='ocrx_word' id='word_1_93' title='bbox 566 1108 597 1147; x_wconf 89' lang='lat' dir='ltr'><strong>ac</strong></span> <span class='ocrx_word' id='word_1_94' title='bbox 607 1099 693 1155; x_wconf 87' lang='lat' dir='ltr'><strong>certa,</strong></span> <span class='ocrx_word' id='word_1_95' title='bbox 712 1092 833 1146; x_wconf 79' lang='lat' dir='ltr'><strong>maxime</strong></span> <span class='ocrx_word' id='word_1_96' title='bbox 843 1092 943 1165; x_wconf 77' lang='lat' dir='ltr'><strong>singu-</strong></span> 
     </span>
     <span class='ocr_line' id='line_1_14' title="bbox 141 1166 704 1241; baseline -0.007 -18"><span class='ocrx_word' id='word_1_97' title='bbox 141 1169 230 1224; x_wconf 90' lang='lat' dir='ltr'><strong>larum</strong></span> <span class='ocrx_word' id='word_1_98' title='bbox 240 1169 361 1241; x_wconf 93' lang='lat' dir='ltr'><strong>partium</strong></span> <span class='ocrx_word' id='word_1_99' title='bbox 372 1168 576 1240; x_wconf 88' lang='lat' dir='ltr'><strong>praedictarum</strong></span> <span class='ocrx_word' id='word_1_100' title='bbox 587 1166 704 1238; x_wconf 85' lang='lat' dir='ltr'><strong>specics.</strong></span> 
     </span>
    </p>
   </div>
   <div class='ocr_carea' id='block_1_3' title="bbox 142 1380 1017 1586">
    <p class='ocr_par' dir='ltr' id='par_1_3' title="bbox 142 1380 1017 1586">
     <span class='ocr_line' id='line_1_15' title="bbox 142 1380 939 1449; baseline -0.003 -14"><span class='ocrx_word' id='word_1_101' title='bbox 142 1385 179 1449; x_wconf 73' lang='grc' dir='ltr'><strong>[Ἴ</strong></span> <span class='ocrx_word' id='word_1_102' title='bbox 205 1384 299 1446; x_wconf 80' lang='lat' dir='ltr'><strong>Quare,</strong></span> <span class='ocrx_word' id='word_1_103' title='bbox 322 1403 374 1439; x_wconf 76' lang='lat' dir='ltr'><strong>cum</strong></span> <span class='ocrx_word' id='word_1_104' title='bbox 391 1386 478 1435; x_wconf 86' lang='lat' dir='ltr'><strong>deleret</strong></span> <span class='ocrx_word' id='word_1_105' title='bbox 500 1380 722 1435; x_wconf 73' lang='lat' dir='ltr'><strong>circumhabitantes</strong></span> <span class='ocrx_word' id='word_1_106' title='bbox 744 1382 939 1445; x_wconf 81' lang='lat' dir='ltr'><strong>Sodomaeorum,</strong></span> 
     </span>
     <span class='ocr_line' id='line_1_16' title="bbox 207 1450 941 1515; baseline 0 -15"><span class='ocrx_word' id='word_1_107' title='bbox 207 1454 346 1502; x_wconf 82' lang='lat' dir='ltr'><strong>reeordatus</strong></span> <span class='ocrx_word' id='word_1_108' title='bbox 367 1462 402 1501; x_wconf 84' lang='lat' dir='ltr'><strong>eat</strong></span> <span class='ocrx_word' id='word_1_109' title='bbox 418 1452 475 1501; x_wconf 73' lang='lat' dir='ltr'><strong>detes</strong></span> <span class='ocrx_word' id='word_1_110' title='bbox 487 1452 604 1513; x_wconf 69' lang='lat' dir='ltr'><strong>Abrahae</strong></span> <span class='ocrx_word' id='word_1_111' title='bbox 618 1462 641 1501; x_wconf 88' lang='lat' dir='ltr'><strong>et</strong></span> <span class='ocrx_word' id='word_1_112' title='bbox 654 1452 741 1503; x_wconf 82' lang='lat' dir='ltr'><strong>dimisit</strong></span> <span class='ocrx_word' id='word_1_113' title='bbox 757 1451 844 1515; x_wconf 82' lang='lat' dir='ltr'><strong>procul</strong></span> <span class='ocrx_word' id='word_1_114' title='bbox 859 1450 908 1501; x_wconf 84' lang='lat' dir='ltr'><strong>Lot</strong></span> <span class='ocrx_word' id='word_1_115' title='bbox 928 1469 941 1500; x_wconf 90' lang='lat' dir='ltr'><strong>e</strong></span> 
     </span>
     <span class='ocr_line' id='line_1_17' title="bbox 207 1519 1017 1586; baseline 0.004 -18"><span class='ocrx_word' id='word_1_116' title='bbox 207 1519 284 1570; x_wconf 84' lang='lat' dir='ltr'><strong>medio</strong></span> <span class='ocrx_word' id='word_1_117' title='bbox 302 1519 475 1570; x_wconf 72' lang='lat' dir='ltr'><strong>mbuersims?</strong></span> <span class='ocrx_word' id='word_1_118' title='bbox 491 1521 546 1586; x_wconf 82' lang='lat'><strong>(19,</strong></span> <span class='ocrx_word' id='word_1_119' title='bbox 563 1520 617 1585; x_wconf 68' lang='lat'><strong>29.)</strong></span> <span class='ocrx_word' id='word_1_120' title='bbox 1016 1519 1017 1534; x_wconf 61' lang='lat'>¹</span> 
     </span>
    </p>
   </div>
   <div class='ocr_carea' id='block_1_4' title="bbox 139 1625 1017 2766">
    <p class='ocr_par' dir='ltr' id='par_1_4' title="bbox 139 1625 1017 2766">
     <span class='ocr_line' id='line_1_18' title="bbox 196 1625 1017 1710; baseline 0.001 -18"><span class='ocrx_word' id='word_1_121' title='bbox 196 1639 239 1693; x_wconf 78' lang='lat' dir='ltr'><strong>tt.</strong></span> <span class='ocrx_word' id='word_1_122' title='bbox 262 1638 392 1694; x_wconf 88' lang='lat' dir='ltr'><strong>Litteram</strong></span> <span class='ocrx_word' id='word_1_123' title='bbox 407 1637 501 1703; x_wconf 87' lang='lat' dir='ltr'><strong>vides,</strong></span> <span class='ocrx_word' id='word_1_124' title='bbox 523 1638 661 1710; x_wconf 88' lang='lat' dir='ltr'><strong>quomodo</strong></span> <span class='ocrx_word' id='word_1_125' title='bbox 676 1638 817 1694; x_wconf 89' lang='lat' dir='ltr'><strong>sehabet:</strong></span> <span class='ocrx_word' id='word_1_126' title='bbox 851 1639 942 1710; x_wconf 88' lang='lat' dir='ltr'><strong>siqui-</strong></span> <span class='ocrx_word' id='word_1_127' title='bbox 1013 1625 1017 1682; x_wconf 65' lang='lat'><strong>¹,</strong></span> 
     </span>
     <span class='ocr_line' id='line_1_19' title="bbox 140 1712 942 1786; baseline 0.002 -20"><span class='ocrx_word' id='word_1_128' title='bbox 140 1712 204 1767; x_wconf 92' lang='lat' dir='ltr'><strong>dem</strong></span> <span class='ocrx_word' id='word_1_129' title='bbox 214 1713 265 1768; x_wconf 90' lang='lat' dir='ltr'><strong>Lot</strong></span> <span class='ocrx_word' id='word_1_130' title='bbox 278 1730 333 1768; x_wconf 90' lang='lat' dir='ltr'><strong>nou</strong></span> <span class='ocrx_word' id='word_1_131' title='bbox 346 1720 458 1786; x_wconf 90' lang='lat' dir='ltr'><strong>propter</strong></span> <span class='ocrx_word' id='word_1_132' title='bbox 471 1731 502 1768; x_wconf 87' lang='lat' dir='ltr'><strong>sc</strong></span> <span class='ocrx_word' id='word_1_133' title='bbox 512 1714 699 1786; x_wconf 82' lang='lat' dir='ltr'><strong>potiusquam</strong></span> <span class='ocrx_word' id='word_1_134' title='bbox 709 1723 820 1786; x_wconf 89' lang='lat' dir='ltr'><strong>propter</strong></span> <span class='ocrx_word' id='word_1_135' title='bbox 830 1715 942 1786; x_wconf 89' lang='lat' dir='ltr'><strong>sapien-</strong></span> 
     </span>
     <span class='ocr_line' id='line_1_20' title="bbox 140 1787 938 1861; baseline 0.003 -19"><span class='ocrx_word' id='word_1_136' title='bbox 140 1799 196 1842; x_wconf 90' lang='lat' dir='ltr'><strong>tem</strong></span> <span class='ocrx_word' id='word_1_137' title='bbox 210 1787 396 1845; x_wconf 80' lang='lat' dir='ltr'><strong>Abrabamum</strong></span> <span class='ocrx_word' id='word_1_138' title='bbox 410 1789 546 1853; x_wconf 89' lang='lat' dir='ltr'><strong>salvatur,</strong></span> <span class='ocrx_word' id='word_1_139' title='bbox 567 1790 620 1844; x_wconf 84' lang='lat' dir='ltr'><strong>istc</strong></span> <span class='ocrx_word' id='word_1_140' title='bbox 635 1806 685 1861; x_wconf 90' lang='lat' dir='ltr'><strong>pro</strong></span> <span class='ocrx_word' id='word_1_141' title='bbox 695 1789 744 1845; x_wconf 90' lang='lat' dir='ltr'><strong>illo</strong></span> <span class='ocrx_word' id='word_1_142' title='bbox 754 1790 938 1861; x_wconf 84' lang='lat' dir='ltr'><strong>supplicante.</strong></span> 
     </span>
     <span class='ocr_line' id='line_1_21' title="bbox 139 1861 941 1938; baseline 0.006 -22"><span class='ocrx_word' id='word_1_143' title='bbox 139 1861 182 1917; x_wconf 82' lang='lat' dir='ltr'><strong>Ad</strong></span> <span class='ocrx_word' id='word_1_144' title='bbox 193 1871 312 1918; x_wconf 89' lang='lat' dir='ltr'><strong>mentem</strong></span> <span class='ocrx_word' id='word_1_145' title='bbox 322 1880 400 1927; x_wconf 87' lang='lat' dir='ltr'><strong>vero,</strong></span> <span class='ocrx_word' id='word_1_146' title='bbox 411 1864 522 1935; x_wconf 86' lang='lat' dir='ltr'><strong>quando</strong></span> <span class='ocrx_word' id='word_1_147' title='bbox 532 1872 610 1936; x_wconf 87' lang='lat' dir='ltr'><strong>pater</strong></span> <span class='ocrx_word' id='word_1_148' title='bbox 619 1865 778 1920; x_wconf 83' lang='lat' dir='ltr'><strong>recordatui·</strong></span> <span class='ocrx_word' id='word_1_149' title='bbox 788 1866 941 1938; x_wconf 80' lang='lat' dir='ltr'><strong>generatio-</strong></span> 
     </span>
     <span class='ocr_line' id='line_1_22' title="bbox 141 1937 940 2014; baseline 0.005 -23"><span class='ocrx_word' id='word_1_150' title='bbox 141 1939 185 1992; x_wconf 89' lang='lat' dir='ltr'><strong>nis</strong></span> <span class='ocrx_word' id='word_1_151' title='bbox 195 1937 345 2009; x_wconf 82' lang='lat' dir='ltr'><strong>perfectae,</strong></span> <span class='ocrx_word' id='word_1_152' title='bbox 357 1939 445 1994; x_wconf 86' lang='lat' dir='ltr'><strong>salvat</strong></span> <span class='ocrx_word' id='word_1_153' title='bbox 455 1940 537 1996; x_wconf 88' lang='lat' dir='ltr'><strong>etiam</strong></span> <span class='ocrx_word' id='word_1_154' title='bbox 548 1947 676 2014; x_wconf 80' lang='lat' dir='ltr'><strong>cognatos</strong></span> <span class='ocrx_word' id='word_1_155' title='bbox 687 1941 748 1995; x_wconf 92' lang='lat' dir='ltr'><strong>eius</strong></span> <span class='ocrx_word' id='word_1_156' title='bbox 758 1948 785 1996; x_wconf 92' lang='lat' dir='ltr'><strong>et</strong></span> <span class='ocrx_word' id='word_1_157' title='bbox 794 1940 940 2012; x_wconf 86' lang='lat' dir='ltr'><strong>prolicien-</strong></span> 
     </span>
     <span class='ocr_line' id='line_1_23' title="bbox 139 2013 958 2093; baseline 0.004 -26"><span class='ocrx_word' id='word_1_158' title='bbox 139 2022 206 2068; x_wconf 89' lang='lat' dir='ltr'><strong>tem.</strong></span> <span class='ocrx_word' id='word_1_159' title='bbox 244 2013 327 2068; x_wconf 87' lang='lat' dir='ltr'><strong>Porro</strong></span> <span class='ocrx_word' id='word_1_160' title='bbox 345 2015 447 2086; x_wconf 87' lang='lat' dir='ltr'><strong>optime</strong></span> <span class='ocrx_word' id='word_1_161' title='bbox 467 2032 497 2070; x_wconf 90' lang='lat' dir='ltr'><strong>se</strong></span> <span class='ocrx_word' id='word_1_162' title='bbox 517 2014 600 2071; x_wconf 84' lang='lat' dir='ltr'><strong>babet</strong></span> <span class='ocrx_word' id='word_1_163' title='bbox 614 2032 646 2070; x_wconf 89' lang='lat' dir='ltr'><strong>ac</strong></span> <span class='ocrx_word' id='word_1_164' title='bbox 659 2016 799 2088; x_wconf 86' lang='lat' dir='ltr'><strong>sapienter</strong></span> <span class='ocrx_word' id='word_1_165' title='bbox 811 2015 882 2072; x_wconf 91' lang='lat' dir='ltr'><strong>illud</strong></span> <span class='ocrx_word' id='word_1_166' title='bbox 895 2015 958 2093; x_wconf 66' lang='lat' dir='ltr'><strong>di&#39;.</strong></span> 
     </span>
     <span class='ocr_line' id='line_1_24' title="bbox 140 2091 939 2154; baseline 0.005 -12"><span class='ocrx_word' id='word_1_167' title='bbox 140 2098 229 2153; x_wconf 91' lang='lat' dir='ltr'><strong>ctum,</strong></span> <span class='ocrx_word' id='word_1_168' title='bbox 245 2093 351 2144; x_wconf 81' lang='lat' dir='ltr'><strong>emedio</strong></span> <span class='ocrx_word' id='word_1_169' title='bbox 363 2093 537 2146; x_wconf 66' lang='lat' dir='ltr'><strong>minutionis</strong></span> <span class='ocrx_word' id='word_1_170' title='bbox 551 2095 679 2146; x_wconf 79' lang='lat' dir='ltr'><strong>dimisisse</strong></span> <span class='ocrx_word' id='word_1_171' title='bbox 688 2092 748 2154; x_wconf 86' lang='lat' dir='ltr'><strong>Lot,</strong></span> <span class='ocrx_word' id='word_1_172' title='bbox 766 2107 820 2146; x_wconf 89' lang='lat' dir='ltr'><strong>ncn</strong></span> <span class='ocrx_word' id='word_1_173' title='bbox 831 2108 894 2146; x_wconf 88' lang='lat' dir='ltr'><strong>vero</strong></span> <span class='ocrx_word' id='word_1_174' title='bbox 904 2091 939 2146; x_wconf 90' lang='lat' dir='ltr'><strong>ab</strong></span> 
     </span>
     <span class='ocr_line' id='line_1_25' title="bbox 139 2162 939 2239; baseline 0.004 -21"><span class='ocrx_word' id='word_1_175' title='bbox 139 2164 215 2218; x_wconf 87' lang='lat' dir='ltr'><strong>omni</strong></span> <span class='ocrx_word' id='word_1_176' title='bbox 226 2162 421 2239; x_wconf 73' lang='lat' dir='ltr'><strong>(discrimine),</strong></span> <span class='ocrx_word' id='word_1_177' title='bbox 447 2166 580 2236; x_wconf 91' lang='lat' dir='ltr'><strong>quoniam</strong></span> <span class='ocrx_word' id='word_1_178' title='bbox 589 2165 760 2238; x_wconf 87' lang='lat' dir='ltr'><strong>proficientis</strong></span> <span class='ocrx_word' id='word_1_179' title='bbox 771 2167 939 2222; x_wconf 82' lang='lat' dir='ltr'><strong>conversatio</strong></span> 
     </span>
     <span class='ocr_line' id='line_1_26' title="bbox 139 2240 939 2313; baseline 0.004 -21"><span class='ocrx_word' id='word_1_180' title='bbox 139 2255 194 2294; x_wconf 85' lang='lat' dir='ltr'><strong>non</strong></span> <span class='ocrx_word' id='word_1_181' title='bbox 204 2240 280 2294; x_wconf 88' lang='lat' dir='ltr'><strong>omni</strong></span> <span class='ocrx_word' id='word_1_182' title='bbox 289 2257 325 2295; x_wconf 82' lang='lat' dir='ltr'><strong>ex</strong></span> <span class='ocrx_word' id='word_1_183' title='bbox 337 2249 414 2313; x_wconf 90' lang='lat' dir='ltr'><strong>parte</strong></span> <span class='ocrx_word' id='word_1_184' title='bbox 427 2249 501 2296; x_wconf 87' lang='lat' dir='ltr'><strong>recte</strong></span> <span class='ocrx_word' id='word_1_185' title='bbox 515 2241 651 2306; x_wconf 89' lang='lat' dir='ltr'><strong>ambulat,</strong></span> <span class='ocrx_word' id='word_1_186' title='bbox 672 2241 724 2298; x_wconf 88' lang='lat' dir='ltr'><strong>sed</strong></span> <span class='ocrx_word' id='word_1_187' title='bbox 738 2241 873 2298; x_wconf 88' lang='lat' dir='ltr'><strong>claudicat</strong></span> <span class='ocrx_word' id='word_1_188' title='bbox 887 2241 939 2296; x_wconf 87' lang='lat' dir='ltr'><strong>ali-</strong></span> 
     </span>
     <span class='ocr_line' id='line_1_27' title="bbox 139 2316 938 2388; baseline 0.004 -19"><span class='ocrx_word' id='word_1_189' title='bbox 139 2321 276 2386; x_wconf 89' lang='lat' dir='ltr'><strong>quatenus</strong></span> <span class='ocrx_word' id='word_1_190' title='bbox 291 2323 373 2386; x_wconf 87' lang='lat' dir='ltr'><strong>atque</strong></span> <span class='ocrx_word' id='word_1_191' title='bbox 388 2317 529 2388; x_wconf 75' lang='lat' dir='ltr'><strong>impingit.</strong></span> <span class='ocrx_word' id='word_1_192' title='bbox 577 2316 671 2372; x_wconf 90' lang='lat' dir='ltr'><strong>Partes</strong></span> <span class='ocrx_word' id='word_1_193' title='bbox 686 2325 777 2373; x_wconf 88' lang='lat' dir='ltr'><strong>autem</strong></span> <span class='ocrx_word' id='word_1_194' title='bbox 796 2319 857 2373; x_wconf 90' lang='lat' dir='ltr'><strong>eius</strong></span> <span class='ocrx_word' id='word_1_195' title='bbox 875 2325 938 2372; x_wconf 91' lang='lat' dir='ltr'><strong>sunt</strong></span> 
     </span>
     <span class='ocr_line' id='line_1_28' title="bbox 140 2389 933 2462; baseline 0.004 -18"><span class='ocrx_word' id='word_1_196' title='bbox 140 2389 293 2445; x_wconf 87' lang='lat' dir='ltr'><strong>mediocres</strong></span> <span class='ocrx_word' id='word_1_197' title='bbox 306 2391 336 2446; x_wconf 94' lang='lat' dir='ltr'><strong>in</strong></span> <span class='ocrx_word' id='word_1_198' title='bbox 348 2393 507 2462; x_wconf 89' lang='lat' dir='ltr'><strong>principatu</strong></span> <span class='ocrx_word' id='word_1_199' title='bbox 518 2391 709 2448; x_wconf 77' lang='lat' dir='ltr'><strong>condustrices</strong></span> <span class='ocrx_word' id='word_1_200' title='bbox 719 2394 749 2447; x_wconf 90' lang='lat' dir='ltr'><strong>in</strong></span> <span class='ocrx_word' id='word_1_201' title='bbox 759 2391 933 2459; x_wconf 76' lang='lat' dir='ltr'><strong>rectitudine,</strong></span> 
     </span>
     <span class='ocr_line' id='line_1_29' title="bbox 139 2465 1010 2540; baseline 0.002 -20"><span class='ocrx_word' id='word_1_202' title='bbox 139 2482 226 2536; x_wconf 90' lang='lat' dir='ltr'><strong>quare</strong></span> <span class='ocrx_word' id='word_1_203' title='bbox 237 2465 312 2522; x_wconf 89' lang='lat' dir='ltr'><strong>bona</strong></span> <span class='ocrx_word' id='word_1_204' title='bbox 326 2466 428 2540; x_wconf 82' lang='lat' dir='ltr'><strong>gaudet</strong></span> <span class='ocrx_word' id='word_1_205' title='bbox 437 2483 501 2538; x_wconf 88' lang='lat' dir='ltr'><strong>spe,</strong></span> <span class='ocrx_word' id='word_1_206' title='bbox 522 2473 554 2521; x_wconf 91' lang='lat' dir='ltr'><strong>ut</strong></span> <span class='ocrx_word' id='word_1_207' title='bbox 564 2476 674 2540; x_wconf 78' lang='lat' dir='ltr'><strong>regatur</strong></span> <span class='ocrx_word' id='word_1_208' title='bbox 685 2476 712 2522; x_wconf 90' lang='lat' dir='ltr'><strong>et</strong></span> <span class='ocrx_word' id='word_1_209' title='bbox 722 2467 756 2522; x_wconf 90' lang='lat' dir='ltr'><strong>ad</strong></span> <span class='ocrx_word' id='word_1_210' title='bbox 768 2476 884 2524; x_wconf 86' lang='lat' dir='ltr'><strong>caeteras</strong></span> <span class='ocrx_word' id='word_1_211' title='bbox 893 2483 936 2522; x_wconf 90' lang='lat' dir='ltr'><strong>res</strong></span> <span class='ocrx_word' id='word_1_212' title='bbox 1009 2527 1010 2530; x_wconf 8' lang='grc' dir='ltr'><strong>Ἴ</strong></span> 
     </span>
     <span class='ocr_line' id='line_1_30' title="bbox 140 2541 1011 2614; baseline 0.005 -20"><span class='ocrx_word' id='word_1_213' title='bbox 140 2541 301 2614; x_wconf 79' lang='lat' dir='ltr'><strong>dirigendas</strong></span> <span class='ocrx_word' id='word_1_214' title='bbox 311 2549 498 2614; x_wconf 86' lang='lat' dir='ltr'><strong>praeparetur.</strong></span> <span class='ocrx_word' id='word_1_215' title='bbox 533 2541 624 2608; x_wconf 87' lang='lat' dir='ltr'><strong>Quum</strong></span> <span class='ocrx_word' id='word_1_216' title='bbox 635 2543 709 2596; x_wconf 85' lang='lat' dir='ltr'><strong>enirn</strong></span> <span class='ocrx_word' id='word_1_217' title='bbox 719 2560 801 2598; x_wconf 89' lang='lat' dir='ltr'><strong>sanae</strong></span> <span class='ocrx_word' id='word_1_218' title='bbox 812 2543 866 2598; x_wconf 89' lang='lat' dir='ltr'><strong>sint</strong></span> <span class='ocrx_word' id='word_1_219' title='bbox 875 2559 936 2614; x_wconf 89' lang='lat' dir='ltr'><strong>par-</strong></span> <span class='ocrx_word' id='word_1_220' title='bbox 1010 2546 1011 2568; x_wconf 66' lang='lat'>¹</span> 
     </span>
     <span class='ocr_line' id='line_1_31' title="bbox 139 2617 936 2690; baseline 0.004 -21"><span class='ocrx_word' id='word_1_221' title='bbox 139 2624 181 2670; x_wconf 90' lang='lat' dir='ltr'><strong>tes</strong></span> <span class='ocrx_word' id='word_1_222' title='bbox 196 2618 286 2690; x_wconf 81' lang='lat' dir='ltr'><strong>magis</strong></span> <span class='ocrx_word' id='word_1_223' title='bbox 299 2617 356 2672; x_wconf 90' lang='lat' dir='ltr'><strong>sibi</strong></span> <span class='ocrx_word' id='word_1_224' title='bbox 365 2617 505 2688; x_wconf 84' lang='lat' dir='ltr'><strong>propriae,</strong></span> <span class='ocrx_word' id='word_1_225' title='bbox 527 2625 617 2688; x_wconf 86' lang='lat' dir='ltr'><strong>potest</strong></span> <span class='ocrx_word' id='word_1_226' title='bbox 627 2617 710 2671; x_wconf 89' lang='lat' dir='ltr'><strong>etiam</strong></span> <span class='ocrx_word' id='word_1_227' title='bbox 719 2618 783 2672; x_wconf 87' lang='lat' dir='ltr'><strong>aliis</strong></span> <span class='ocrx_word' id='word_1_228' title='bbox 794 2617 882 2672; x_wconf 90' lang='lat' dir='ltr'><strong>adbuc</strong></span> <span class='ocrx_word' id='word_1_229' title='bbox 892 2635 936 2672; x_wconf 88' lang='lat' dir='ltr'><strong>ae-</strong></span> 
     </span>
     <span class='ocr_line' id='line_1_32' title="bbox 140 2689 867 2766; baseline 0.001 -22"><span class='ocrx_word' id='word_1_230' title='bbox 140 2693 314 2762; x_wconf 79' lang='lat' dir='ltr'><strong>gratantibus</strong></span> <span class='ocrx_word' id='word_1_231' title='bbox 324 2700 463 2766; x_wconf 85' lang='lat' dir='ltr'><strong>praestare</strong></span> <span class='ocrx_word' id='word_1_232' title='bbox 474 2689 750 2750; x_wconf 86' lang='lat' dir='ltr'><strong>communicationem</strong></span> <span class='ocrx_word' id='word_1_233' title='bbox 760 2693 867 2747; x_wconf 87' lang='lat' dir='ltr'><strong>salutis.</strong></span> 
     </span>
    </p>
   </div>
   <div class='ocr_carea' id='block_1_5' title="bbox 0 0 1030 3100">
    <p class='ocr_par' dir='ltr' id='par_1_5' title="bbox 0 0 1030 3100">
     <span class='ocr_line' id='line_1_33' title="bbox 0 0 1030 3100; baseline 0 0"><span class='ocrx_word' id='word_1_234' title='bbox 0 0 1030 3100; x_wconf 95' lang='lat' dir='ltr'><strong> </strong></span> 
     </span>
    </p>
   </div>
  </div>
 </body>
</html>
