2050 3100
56 197 147 264 [utut]
201 205 243 249 ln·
269 203 448 248 GENESIN.
470 202 598 247 sERno
625 202 668 248 111.
808 197 838 250 {3

54 311 197 376 strepente
213 305 320 358 virtute
332 301 471 374 praedito3
500 320 565 356 nam
580 303 708 368 ecstasis,
729 310 761 358 ut
777 304 839 375 ipsa

53 394 92 431 ror
98 379 237 433 evidenter
251 385 360 441 monet,
385 377 456 431 nihil
467 385 509 432 est
520 377 611 441 atiud,
632 394 716 448 quam
726 377 839 433 absees-

51 467 85 504 sus
94 455 187 507 mentis
197 461 281 508 extra
290 469 321 506 se
334 452 472 506 exeuntis.
511 451 674 523 Prophetioa
690 468 755 507 vero
770 470 839 525 gens

50 537 105 580 anat
113 527 140 581 id
148 529 221 600 pati;
244 544 336 599 quum
345 527 420 580 enim
431 525 540 583 divinat
550 535 577 580 et
587 526 692 582 divinis
703 527 839 582 imbuitur

49 600 198 666 intellectus,
223 619 282 658 non
297 601 370 657 ultra
384 601 414 654 in
429 617 459 654 se
473 601 596 665 exsistit,
617 601 749 672 quoniam
764 602 839 656 divi-

48 679 231 749 nnnspiritnm
243 678 323 733 intus
333 675 473 746 recipiens
483 675 641 734 cohabitare
652 673 731 740 facit:
753 677 839 730 immo

47 751 133 817 potins,
162 754 281 823 nt.ipso
301 749 389 814 dixit,
421 753 491 805 ondit
510 767 663 818 supereum
683 749 836 823 (spiritus),

47 827 157 892 quoniam
176 844 235 884 nou
257 827 332 881 lente
351 825 527 895 supervenit,
555 825 604 878 sed
619 832 731 896 repento
746 826 837 879 irruit.

47 895 171 959 Caeterum
180 902 258 958 bone
268 918 300 956 se
312 899 396 959 babet
406 907 433 953 et
442 898 517 970 qnod
529 899 643 964 adiecit,
661 899 736 971 quod
745 903 840 954 horror

45 989 136 1042 monus
145 980 300 1031 tenebrosus
310 979 404 1030 incidit
414 978 451 1028 ei:
474 973 542 1030 haee
552 975 627 1028 enim
642 975 735 1029 omnia
750 982 839 1034 eosta-

46 1062 80 1100 ses
87 1058 146 1105 sunt
154 1052 263 1106 mentis
274 1080 314 1100 -.·-.
323 1061 388 1104 nam
397 1047 445 1101 ille
456 1064 581 1119 quoque,
596 1049 646 1119 qui
657 1050 768 1113 metuit,
781 1066 835 1103 non

46 1125 115 1178 estin
127 1143 156 1180 se
170 1127 237 1198 ipso
251 1155 305 1188 —,
319 1122 449 1178 tenebrae
464 1132 556 1177 antem
566 1122 763 1194 impedimento
774 1129 839 1176 sunt

47 1197 118 1252 visui:
141 1209 252 1271 quanto
263 1216 330 1254 vero
343 1199 431 1253 maior
440 1206 482 1252 est
491 1197 601 1260 horror,
618 1204 692 1250 tanto
706 1205 733 1250 et
743 1195 839 1250 videre

46 1279 67 1322 et
81 1273 235 1349 intelligere
252 1273 383 1328 hebetius
397 1271 437 1326 fit.
475 1273 549 1327 Haeo
568 1279 660 1324 autem
679 1286 734 1323 non
753 1269 839 1342 gratis

45 1343 173 1415 dicuntur,
195 1348 253 1411 sed
267 1365 317 1420 pro
330 1347 436 1402 indicio
453 1346 585 1416 scientiae
600 1342 761 1400 manifestae
775 1361 840 1417 prov

44 1418 154 1489 phetiae,
171 1442 231 1498 qua
243 1423 355 1487 oracula
365 1430 392 1478 et
402 1422 478 1494 leges
488 1439 505 1488 a
515 1421 566 1488 deo
576 1425 743 1483 statuuntur,

48 1587 119 1645 Qum
127 1596 215 1647 ἀὶοιιωι
225 1608 263 1647 est
271 1596 306 1646 ad
314 1613 378 1645 eum:
398 1595 490 1658 „Ocrto
498 1593 605 1658 adest),
617 1591 839 1657 quodpereprt'num

102 1664 144 1711 en't
156 1681 238 1714 umen
251 1674 315 1715 tuum
324 1665 349 1712 in
362 1672 427 1712 terra
441 1679 488 1713 non
501 1679 558 1724 sua,
579 1670 602 1711 et
615 1663 640 1711 in
654 1662 787 1713 seruitutem
802 1675 839 1713 re-

103 1728 202 1793 diqetur,
214 1742 240 1781 et
249 1732 375 1797 affliyetur
384 1730 564 1794 quadringentae
573 1728 678 1777 norff?
692 1726 809 1794 (15,13,)

96 1831 135 1883 ⁴0·
157 1832 270 1905 Optime
284 1831 358 1887 illud
372 1835 470 1885 dietam
484 1835 641 1885 sotadeum
650 1836 773 1883 notatum
783 1834 838 1893 est,

47 1904 165 1968 quoniam
184 1908 320 1980 propbeta
339 1913 451 1978 putatur
466 1903 504 1981 [Ἴ
521 1904 629 1975 aliquid
646 1903 752 1966 dicere,
776 1916 841 1973 pro·

48 1976 131 2058 urium
138 1988 231 2037 tamen
240 2000 296 2037 non
306 1980 354 2036 dat
365 1980 500 2044 edietum,
513 1979 563 2033 sed
573 1980 710 2049 interpres
721 1984 762 2031 est
772 1976 841 2030 alte-

49 2064 113 2115 ΜΒ,
130 2057 179 2125 qui
188 2058 275 2111 mittit
284 2057 380 2127 aliqua
389 2057 419 2110 in
432 2054 493 2109 eius
507 2060 642 2121 mentem3
669 2050 841 2123 proindeque

50 2124 178 2198 quidquid
195 2140 326 2203 personat
347 2146 378 2184 ac
395 2128 498 2201 profert
511 2128 620 2191 verbis,
641 2135 729 2183 totum
743 2140 841 2181 verum

51 2206 85 2250 est
102 2218 132 2255 ae
150 2204 290 2260 divinum.
329 2205 365 2259 Ut
381 2205 518 2276 primum,
543 2202 618 2273 quod
632 2218 701 2273 gens
720 2200 841 2254 hnmana

53 2266 184 2334 habitatin
195 2280 309 2335 alterius
320 2287 405 2334 terra:
426 2279 519 2333 omnia
530 2279 618 2340 enirn,
633 2291 704 2347 qnae
715 2275 769 2333 sub
779 2289 842 2328 cae-

54 2340 76 2396 ¹0
84 2359 155 2417 sunt,
167 2354 213 2427 dei
223 2362 289 2409 sunt
298 2355 446 2425 possessio,
459 2361 486 2407 et
495 2369 567 2423 quae
580 2352 609 2404 in
620 2352 673 2405 ista
682 2349 788 2421 degunt
798 2347 842 2401 vi-

54 2425 148 2489 'ffliiffi
163 2429 275 2499 proprie
287 2428 459 2501 peregrinari
469 2427 562 2498 potius
576 2425 709 2480 veraciter
724 2419 842 2477 dicenda

56 2504 122 2561 ΝΜ,
141 2517 223 2573 quam
237 2502 363 2558 habitare
377 2503 406 2556 in
421 2502 532 2573 propria
547 2500 673 2572 regione,
695 2512 779 2567 quam
791 2510 842 2546 na-

57 2571 108 2623 tura
120 2590 171 2630 non
184 2576 297 2633 babent.
337 2575 479 2640 Secundo,
497 2576 564 2646 quia
579 2590 677 2628 servus
690 2578 732 2623 est
741 2572 843 2621 morta-

60 2674 254 2701 Ἢ

103 2740 121 2786 ’i
133 2743 166 2784 Aa
177 2748 278 2787 verbnm:
302 2750 390 2788 Nouem
407 2758 475 2787 nosce.
501 2745 584 2784 Auen.
