2050 3100
169 307 202 359 86
397 311 583 357 ruruours
602 310 739 356 tunam
882 303 911 370 [1.
922 301 960 367 aa]

169 421 211 468 est
225 411 323 467 iactus.
362 413 445 466 Inane
461 411 556 483 utique
567 409 619 466 erit
627 410 784 481 quaestioni
795 407 831 464 de
841 411 918 484 gravi
927 408 961 463 le·

168 489 255 558 vique
268 486 376 558 aliquid
389 486 489 542 addere
503 487 533 540 in
546 487 684 558 praesenti
702 485 902 556 inquisitione,
920 481 961 540 sed

168 563 289 618 sufficiet
299 569 404 616 tantum
418 561 524 626 dicere,
545 561 620 632 quod
631 563 674 615 air
685 569 711 622 et
721 560 798 633 iguis
808 560 961 616 naturaliter

169 638 301 693 habentes
319 644 423 691 motum
440 637 471 690 in
490 653 602 691 sursum
615 635 719 707 absque
738 637 879 708 gravitate
892 649 962 691 neca

168 722 240 769 terra
250 729 340 784 neque
350 711 385 765 ab
394 727 466 783 aqua
476 707 769 782 sursumpremuntur.
804 711 874 768 Fuit
883 719 962 766 auten

168 788 366 844 elementorum
375 787 499 842 extensio
509 803 560 858 per
569 786 772 858 providentiam
782 801 858 858 opus
869 795 962 843 create

169 864 369 934 rispatrisque.
407 862 442 916 Et
451 869 523 917 terra
532 862 678 934 occupavit
686 860 825 916 medium:
848 864 961 934 primm

168 938 290 1009 quidem,
306 955 340 992 ne
350 937 461 1008 abrepta
471 937 669 1008 aliquatenusa
680 945 772 992 centro
783 935 961 996 dimoveatur.

168 1031 231 1068 uam
245 1013 305 1066 eius
319 1014 397 1068 nisus
411 1029 442 1066 ac
456 1013 537 1068 statio
551 1013 581 1066 in
595 1009 718 1066 centrum
733 1011 838 1080 tendit3
875 1014 962 1069 iterum

168 1096 273 1151 autem,
299 1095 330 1141 ut
348 1089 387 1143 ita
405 1087 583 1143 circumcirca
602 1087 754 1151 habitetur,
785 1087 815 1141 in
836 1097 962 1160 quantum

168 1163 242 1221 enim
254 1158 291 1236 [*]
301 1170 419 1235 perstat,
432 1170 505 1218 recte
515 1163 701 1236 omniasuper
711 1178 771 1216 eam
781 1159 876 1228 stant,
888 1178 963 1236 quum

168 1247 195 1294 et
209 1240 270 1310 ipsa
285 1238 314 1290 in
330 1246 452 1292 centrum
468 1235 600 1292 ferantur.
613 1229 617 1289 ’.
640 1236 698 1304 Quo
713 1235 851 1308 probatur
867 1248 895 1294 et
905 1239 964 1312 ligu-
1002 1231 1003 1320 l

167 1311 227 1370 rain
241 1313 301 1366 eius
315 1329 364 1383 per
378 1311 581 1383 providentiam
595 1310 694 1366 iactam
708 1309 796 1366 fuisse
814 1313 963 1385 globosam,

167 1390 233 1461 quia
244 1389 300 1442 iam
309 1381 724 1460 dictamlcircumhabitationem
734 1403 788 1441 non
798 1390 912 1458 patitur
921 1387 964 1442 alia

168 1463 270 1536 ligura,
290 1461 366 1533 quod
380 1470 454 1534 patet
466 1479 501 1517 ex
510 1463 546 1516 iis
557 1479 631 1533 quae·
637 1461 831 1534 philosophice
843 1463 966 1520 conside

167 1548 262 1594 rantur
273 1537 307 1593 de
318 1537 414 1612 liguris
424 1537 710 1609 habitationibusque;
738 1536 811 1593 nihil
821 1541 905 1595 enim
915 1539 965 1593 sine

166 1615 271 1667 ratione
282 1631 343 1669 esse
352 1614 511 1671 conceditur
521 1632 536 1668 a
547 1613 638 1669 nobis.
662 1610 697 1667 ht
707 1629 761 1666 non
770 1612 899 1683 proinde
909 1615 967 1671 lice·

167 1686 209 1742 bit
218 1703 350 1758 quaerere
360 1690 504 1753 rationem,
518 1706 588 1760 quae
598 1705 651 1743 non
662 1685 808 1743 concordet
818 1704 892 1745 cum
902 1689 968 1747 veri-

167 1770 235 1826 tate,
247 1762 353 1818 sedeas
363 1780 435 1834 quae
445 1772 626 1837 congruentes
638 1762 857 1834 comperiantur.
915 1776 919 1783 ·

223 1871 267 1921 63.
291 1867 322 1921 ld
336 1884 402 1923 vero
416 1869 492 1923 idem
506 1877 561 1933 est,
584 1886 615 1923 ac
624 1870 648 1923 si
659 1867 723 1939 quis
733 1870 922 1941 gymnasium
934 1871 970 1923 in-

167 1939 400 2016 grediens-videat
409 1944 505 2015 globos
513 1952 542 1999 et
550 1960 652 1999 vacuos
662 1941 768 2006 discos,
789 1958 868 2013 quae
883 1945 969 2001 omnia

167 2017 202 2072 ad
212 2034 294 2071 usum
303 2019 507 2073 exercitationis
517 2035 667 2092 puerorum
676 2018 808 2091 magister
820 2034 971 2094 praepata-

166 2093 252 2156 verit,
265 2109 345 2165 ¹quae
359 2102 431 2147 certe
445 2096 566 2166 speciem
580 2094 707 2165 aliquam·
721 2092 861 2149 exhibent
879 2094 970 2167 provi·

167 2168 277 2223 dentiae
291 2170 357 2223 artis
372 2169 467 2244 periti:
499 2169 603 2225 diceret
616 2169 713 2242 globos
728 2168 763 2224 ob
777 2167 931 2226 levitatem
944 2168 970 2223 li-

166 2260 266 2316 gurae,
277 2245 383 2318 quippe
394 2244 443 2314 qui
454 2243 536 2299 facile
547 2244 663 2299 mobiles
673 2250 746 2307 sunt,
758 2248 927 2302 necessario
938 2245 972 2300 ia-

165 2327 225 2449 nus
236 2319 322 2375 fuisse
333 2327 363 2374 ut
373 2319 461 2390 magis
475 2328 551 2389 aptos
563 2319 598 2389 ad
607 2318 829 2374 exercitationem
845 2321 971 2395 corporis

198 2394 332 2459 ventutis,
355 2410 455 2449 vacuos
470 2411 535 2449 vero
549 2394 639 2449 discos
648 2394 683 2449 ob
694 2392 929 2461 circulationem,
948 2402 974 2449 nt

166 2468 245 2524 nullo
253 2470 361 2541 negotio
370 2470 515 2526 iaciantur.
540 2534 542 2545 1
555 2466 653 2525 Statim
668 2468 741 2522 enim
751 2466 858 2537 aliquis
875 2472 909 2525 in
922 2488 974 2524 me-

166 2532 246 2595 dium
256 2541 388 2596 accedens
399 2542 521 2607 doceret,
543 2550 704 2613 nousuapte
720 2548 827 2604 natura,
855 2544 915 2601 sed
931 2562 976 2617 prr

166 2620 252 2666 artem
261 2616 441 2685 studiumque
451 2618 621 2687 experientia
631 2614 768 2671 firmatum
778 2632 827 2685 pro
838 2622 917 2675 utili
925 2622 977 2675 fine

165 2682 234 2763 haec
244 2684 314 2739 facta
325 2686 421 2748 luisse.
459 2686 642 2753 Quamobrem
651 2708 745 2755 nem0,
757 2690 808 2763 qui
817 2688 903 2749 bene
915 2714 978 2750 sen·

165 2760 207 2814 tit,
224 2760 411 2828 contemplans
421 2763 519 2815 mundi
529 2769 619 2832 partes
628 2763 857 2834 differentiasque
869 2768 905 2824 in
917 2771 979 2824 istis

164 2837 347 2893 occurrentes,
357 2834 981 2911 naturalemnecessitatemsingtilarumcom-
