2050 3100
77 241 125 307 [n,
138 238 198 305 555]
273 245 400 292 SERMO
418 240 884 299 pronunciantur

75 346 267 409 mentiuntur,
294 345 431 410 dicentes,
455 345 530 417 quod
550 362 604 401 non
624 347 729 417 aceepit
748 346 883 419 Sampson

76 421 214 508 spiritum
224 422 348 484 virtutis,
356 420 411 479 sed
420 418 560 507 superfluo
570 422 672 491 scripta
683 420 735 477 fuit
744 421 808 477 talis
819 439 883 495 gra-

75 498 133 563 tia,
166 496 192 549 ai
205 496 280 550 enim
293 496 459 582 accepisset,
480 496 592 551 omnino
606 513 670 550 eum
684 514 734 567 per
746 514 828 569 opera
839 496 884 561 vi·

76 569 241 626 dissemua‘l
277 570 356 625 Sic
349 571 497 642 impiorum
520 570 626 658 ubique
647 572 788 627 invenitur
805 572 882 627 calu-

76 646 171 712 mnia;
203 645 344 717 Scriptura
354 656 446 701 tamen
456 663 509 700 non
522 646 624 717 patitur
635 646 820 711 calumniam,
832 664 883 702 ne-

77 737 137 792 que
146 722 177 774 in
186 736 299 775 manum
309 720 517 776 artificioaorum
528 720 675 776 verborum
685 721 815 786 traditur,
832 720 882 776 sed

77 812 146 849 cum
155 796 213 866 piis
223 794 383 851 hominibus
393 794 625 867 simplicibusque
638 795 771 867 loquitur.
810 797 881 859 llaec

76 870 115 925 de
135 870 262 942 apologia
282 871 408 942 spiritus.
446 870 549 927 Verum
563 871 598 925 ad
613 870 792 943 Sampsonem
807 871 882 927 divi-

77 962 201 1016 namque
215 944 358 1001 historiam
372 953 552 1001 revertamur

135 1050 180 1104 27
205 1050 292 1104 liuius
306 1067 371 1123 ergo
386 1058 444 1104 erat
457 1058 531 1103 aetas
545 1050 575 1102 in
589 1050 650 1120 ipso
666 1051 774 1123 vigore,
796 1059 823 1105 et
836 1052 882 1105 iu-

76 1132 180 1180 ventus
190 1124 220 1178 in
231 1141 342 1196 corpore
354 1126 415 1179 eins
429 1122 602 1188 florescebat,
625 1133 651 1180 et
664 1124 811 1179 thesaurus
825 1134 882 1180 erat

76 1200 171 1271 potior
189 1215 273 1286 quam
293 1199 384 1255 homo.
422 1198 557 1271 Pergebat
576 1206 667 1253 autem
682 1215 746 1253 cum
759 1200 882 1268 parenti·

75 1275 146 1339 bus,
171 1275 274 1329 virtute
288 1274 410 1347 corporis
424 1273 569 1328 decoratus
583 1281 614 1327 ut
628 1274 670 1328 sin
712 1272 763 1327 lari
777 1274 878 1345 gratia:

74 1347 215 1422 oppidum
235 1358 339 1415 autem,
360 1366 416 1421 quo
435 1347 661 1420 proficiscebatur
697 1364 810 1418 ampson
825 1364 880 1401 una

74 1442 142 1479 cum
153 1424 328 1494 parentibus,
344 1424 467 1479 'l'hamna
476 1422 636 1478 vocabatur
675 1424 735 1477 Huc
749 1421 806 1475 allis
816 1439 881 1494 per

75 1498 224 1574 gentibus,
244 1515 294 1571 per
309 1501 361 1556 iter
375 1498 491 1556 devians
506 1497 669 1570 Sampson'
661 1515 691 1553 ιιι
706 1498 829 1563 vineam,
853 1507 880 1554 et

43 1586 48 1594 ’
76 1582 194 1647 aspectu
208 1573 356 1630 fertilitatis
372 1574 495 1648 gaudena
510 1573 583 1629 vidit
597 1573 719 1628 catulum
733 1573 819 1628 leonia
834 1591 879 1628 se-

74 1651 189 1705 dentem
209 1650 262 1704 auh
281 1651 348 1705 vitis
367 1650 469 1737 hotris;
502 1656 530 1704 et
548 1649 692 1710 incurrens
706 1665 790 1720 anper
803 1667 876 1713 eum,

73 1724 237 1789 suscitavit,
259 1742 314 1780 non
327 1726 407 1796 quasi
423 1725 457 1779 ad
472 1723 594 1779 catulum
605 1724 707 1789 leonis,
728 1724 776 1778 sed
787 1725 822 1778 ad
832 1742 879 1778 ca·

73 1801 175 1856 tellum
190 1800 267 1855 canis
286 1807 446 1855 accessurus
465 1799 665 1854 dimicandum
703 1799 768 1854 Erat
787 1808 878 1854 autem

74 1874 235 1946 spectaculo
248 1874 354 1948 digna
347 1874 502 1930 dimicatio:
537 1875 644 1930 catulus
655 1876 784 1929 virtutem
795 1893 878 1962 super

74 1951 195 2006 cervinis
206 1951 296 2005 crines
306 1958 458 2013 ostentans,
473 1958 500 2005 et
511 1949 645 2022 Sampson
654 1952 778 2023 vigorem
788 1951 878 2005 virtu·

75 2028 112 2080 tis
123 2042 209 2096 super
218 2027 298 2098 signa
308 2026 423 2080 vultua'
415 2025 528 2080 iamiam
543 2041 704 2080 assumens..
735 2023 824 2090 Quum
839 2021 875 2100 [*]

74 2103 172 2172 itaque
186 2100 216 2154 in
231 2101 390 2173 amplexum
410 2108 537 2155 mutuum
557 2115 722 2164 convenere,
746 2100 877 2188 quoniam

74 2176 222 2231 brutorum
232 2174 558 2238 animaliumiraacibile,
573 2174 876 2229 rationaliumverovis

75 2267 210 2323 generosa
224 2253 313 2323 magis
327 2261 368 2306 eat
383 2251 492 2314 valens,
515 2249 561 2303 hic
577 2249 619 2304 leo
628 2250 708 2321 quasi
719 2264 784 2303 vero
795 2248 877 2302 farni-

77 2327 174 2380 liarem
184 2325 242 2379 aibi
252 2334 382 2381 venatum
392 2334 550 2388 venaturus,
562 2341 593 2380 os
604 2326 692 2395 aperit
701 2323 735 2378 ad
745 2323 875 2394 praedam

74 2394 276 2455 admittendam
291 2400 452 2472 acceditque
465 2407 561 2454 ventre
575 2400 691 2455 elevato.
729 2396 779 2451 Ille
799 2415 872 2461 vero,

73 2477 148 2530 sicut
168 2474 313 2530 fortissimi
332 2484 503 2530 certatorum
509 2491 545 2528 ex
559 2472 695 2545 arroganti
709 2470 810 2525 liducia
826 2471 876 2526 ad-

72 2551 261 2606 versariorum
275 2552 427 2621 perniciem
441 2557 534 2604 contra
549 2565 594 2604 eoa
610 2547 792 2602 adinveniunt
811 2563 876 2617 pro-

73 2624 218 2681 sternendi
228 2642 260 2679 ac
268 2625 448 2689 dilacerandi,
460 2624 502 2678 sic
512 2638 662 2695 generosus
673 2628 787 2676 certator
796 2619 875 2676 Sam·

72 2717 144 2770 paon
154 2717 191 2755 ex
201 2701 262 2771 ipso
275 2709 376 2756 terrore
390 2700 512 2755 catulum
527 2696 660 2762 debellat,
691 2694 830 2782 siquidem
844 2714 874 2751 os

74 2775 177 2840 leonis,
193 2774 286 2846 quod
280 2793 309 2830 in
318 2793 411 2832 omma
419 2792 469 2848 pro
479 2773 562 2827 armis
573 2771 599 2825 ei
609 2779 663 2834 eat,
680 2768 710 2823 id
725 2769 827 2825 hians
819 2788 875 2826 rana
