2050 3100
58 192 93 258 [1,
105 187 169 253 lit]
196 192 245 237 DE
264 189 536 240 PROVIDENTIA
555 193 682 241 SERMO
701 195 732 239 11.
808 189 854 240 tlt

58 294 264 366 disceptatione
277 294 457 356 contentiosa,
479 310 554 347 more
568 302 657 349 tamen
678 294 857 351 immutabilis

58 377 190 442 repertus
201 375 228 422 et
237 368 298 421 sine
308 367 479 439 praeiudicio
487 368 637 439 procedens
643 368 680 441 *).

123 496 181 549 tto.
200 492 393 547 Aisxauura'.
409 492 517 563 Optime
527 492 675 565 proferenti
685 493 737 549 tibi
748 494 858 547 credere

59 586 185 641 aequum
200 576 253 644 est5
289 566 360 619 nihil
371 568 444 620 enim
455 568 568 632 melius,
589 573 672 639 quam
683 570 746 623 totis
758 570 858 623 animis

60 645 176 700 divinas
191 641 386 713 impressiones
403 640 472 715 legis
487 643 649 715 amplexari.
688 646 751 700 Mox
766 645 858 714 itaque

60 723 166 775 iterum
175 720 295 776 veniam.

148 1189 198 1248 oa
210 1187 370 1249 mucra
384 1185 487 1259 curu
504 1178 648 1248 ΗΑΒΕΒΕ
665 1185 777 1248 nanu

59 1338 334 1419 BRUTA
391 1338 860 1419 ‘ANIMALlA

198 1508 389 1574 (DICEBAT
410 1506 725 1574 ALEXANDERW).

122 1727 145 1777 i.
168 1718 205 1798 [Ἴ
216 1725 322 1778 Pario.
341 1707 502 1780 Recordare
512 1723 638 1778 hesterna
649 1724 742 1788 verba,
753 1741 770 1779 o
780 1725 860 1798 Lysi-

62 1799 175 1864 mache,
192 1816 263 1871 quae
273 1798 441 1863 Alexander,
458 1807 549 1854 noster
559 1817 593 1854 ex
605 1797 686 1854 fratre
696 1815 794 1872 nepos,
817 1817 860 1853 re-

17 1880 20 1889 ¹
62 1874 141 1938 tulit,
163 1875 243 1945 quasi
257 1891 310 1929 non
321 1873 447 1928 homines
456 1874 559 1940 solum,
581 1891 677 1930 verum
688 1877 770 1942 etiam
781 1875 860 1929 bruta

63 1950 215 2004 animantia
228 1950 332 2004 ratione
344 1950 400 2004 sint
408 1949 543 2022 praedita.
732 1955 736 1970 ¹

114 2125 136 2171 Ι)
146 2122 255 2164 Obscurus
264 2127 298 2164 est
305 2124 373 2169 locus,
383 2124 439 2165 unde
448 2125 520 2162 vartse
529 2127 618 2174 possunt
626 2125 674 2164 eliel
682 2134 765 2164 sensus.
780 2122 859 2162 Auch.

114 2190 149 2238 ¹⁸)
163 2191 272 2232 citaverat
283 2193 370 2232 titulum
383 2192 501 2240 praesentis
515 2201 598 2240 qnoque
611 2189 715 2230 serm'ouis
728 2193 783 2230 inter
797 2200 861 2238 opera

57 2241 161 2299 ‚Philonis
180 2243 249 2282 nostri
265 2243 373 2282 Eusebius
390 2243 447 2282 litat.
465 2241 524 2280 Eccl.
542 2243 567 2280 L.
584 2241 613 2280 n.
631 2251 649 2281 c.
668 2243 698 2280 18.
716 2243 757 2280 hoo
774 2243 858 2278 tenore:

17 2290 20 2316 2
63 2296 105 2331 Bu
122 2306 144 2331 ss
159 2290 171 2332 l
187 2288 324 2342 Ἀλέξανδρος,
345 2293 417 2343 inani
429 2291 466 2331 sofr
478 2289 538 2340 λόγον
550 2289 603 2342 ἔχειν
615 2288 641 2328 τὰ
653 2288 716 2339 ἄλογα
730 2289 780 2336 ζῶα,
803 2291 824 2328 h.
840 2301 858 2328 e.

60 2344 135 2382 sm
150 2339 214 2382 eidam
229 2345 357 2389 Alexander,
380 2346 422 2382 sice
438 2345 464 2382 de
480 2354 504 2380 so
517 2344 573 2390 quod
584 2342 685 2380 radonem
697 2341 786 2380 habeant
799 2341 860 2378 mia

59 2395 174 2433 animatio.
205 2393 308 2444 Quamvis
325 2396 381 2434 enim
397 2398 455 2434 totus
473 2403 543 2432 sermo
559 2392 587 2430 sit
604 2391 700 2438 dialogus
716 2391 772 2429 inter
788 2391 859 2429 Philo-

17 2462 18 2469 *
59 2455 113 2483 nom
126 2448 149 2482 et
161 2445 324 2492 Lysimachum,
342 2447 388 2484 tota
399 2448 472 2484 umen
484 2443 581 2491 quaestio
594 2445 627 2480 est
640 2442 666 2479 de
678 2440 783 2481 sententia
795 2439 861 2479 Alex-

61 2495 235 2541 annunciantis
243 2495 343 2535 animalis
351 2497 413 2535 bruta
425 2497 490 2534 stiam
503 2493 585 2532 rationo
598 2493 670 2540 aliqua
682 2490 785 2538 gaudem
806 2501 860 2539 quas

61 2546 171 2584 sententis
187 2545 255 2584 insius
271 2547 394 2595 exponitur,
417 2548 527 2593 umquam
543 2544 627 2592 scriptis
643 2541 744 2581 mandata
756 2542 783 2580 ab
796 2540 861 2586 Aleu-¹

61 2596 139 2641 andro,
154 2598 177 2634 ot
189 2596 265 2636 ultimo
277 2597 325 2636 loco
339 2597 435 2636 iuudttns
448 2596 551 2634 evertttur
563 2603 577 2632 a
588 2593 677 2632 Philone
687 2593 799 2630 succinctis
812 2603 859 2632 ver-

59 2645 95 2685 bis
108 2645 243 2694 fortissimis,
256 2650 281 2686 nt
292 2647 375 2686 videbis
388 2657 428 2686 sno
441 2647 496 2684 loeo.
524 2643 594 2692 Quare
607 2648 629 2683 et
642 2643 663 2682 8.
677 2643 819 2690 Hieronymus
833 2643 859 2682 de

61 2697 115 2736 viris
128 2696 208 2736 illustr.
221 2707 241 2737 c.
254 2697 292 2736 XI.
306 2699 337 2737 sic
349 2699 412 2736 notst
422 2697 478 2735 intsr
489 2695 587 2734 Philonis
600 2704 674 2744 opera:
697 2694 728 2732 De
739 2694 859 2732 Alexandro

61 2747 154 2794 atum,
173 2749 229 2797 quod
237 2750 350 2797 propriam
361 2749 464 2787 missam
476 2747 533 2786 nesta
544 2745 646 2786 animatis
658 2744 752 2786 tottam.
779 2743 858 2786 Auen.

98 2797 211 2848 Puruo
231 2799 301 2849 Vlll.
628 2797 655 2845 ii
