2050 3100
181 144 230 196 stt
306 147 404 192 nuru.
423 145 497 191 run.
518 144 680 210 Quanam.
698 142 749 189 nr
769 145 848 190 son,
870 140 983 206 [nien]

179 263 288 302 omnem
309 245 530 306 maledictionem
549 252 669 308 merent,
688 245 789 317 punire
803 245 915 310 volens,
936 256 983 300 aut

180 322 284 394 quibus
303 323 400 393 iniqua
414 319 551 392 quaedam
563 336 614 392 per
628 320 686 374 vim
701 318 845 374 inferenda
860 321 931 384 sint,
953 320 982 374 id

179 396 367 452 mediantibus
379 396 443 450 aliis
453 395 595 465 prosequi.
633 392 676 448 Ad
692 401 812 449 mentem
826 411 894 448 vero
908 412 982 448 mane

179 473 293 544 signum
303 479 344 526 est
353 469 495 525 sensibilis
506 469 592 533 lueis,
611 469 743 539 quoniam
752 485 831 523 mens
842 465 881 543 [Ἴ
893 485 983 539 usque

179 545 215 600 ad
225 545 295 618 illud
307 553 416 616 tempus
426 543 571 600 habitatin
583 550 835 615 carperetnntum,
849 541 982 597 derelicta

178 619 258 674 turba
279 635 412 672 sensuum
432 627 459 672 et
477 618 626 688 aliquando
645 617 830 688 sepraebens
849 619 885 672 ad
899 635 981 672 usum

178 709 325 756 sensuum,
346 709 397 763 per
411 693 503 747 omnia
512 691 583 746 solet
592 692 698 764 vagari.
737 693 981 764 Haecergovaga-

177 768 217 821 tio
226 765 270 820 illi
281 765 479 820 aberrationem
488 767 654 838 imperviam
664 765 743 830 iacit,
755 771 837 830 ostiis,
850 767 979 821 sensibus

180 840 311 894 videlicet
321 841 422 911 apertis
432 858 482 911 pro
492 839 615 897 fluxione
624 840 811 905 sensibilium,
821 841 852 894 in
866 858 923 912 qua
933 842 981 895 de·

177 931 289 970 sursum
304 915 380 970 velut
394 915 429 970 ab
444 914 591 970 altitudine
610 915 731 987 quadam
749 915 980 970 intellectualium

177 990 455 1061 incorporearumque
465 989 592 1046 idearum
601 1008 631 1046 se
640 990 813 1062 praecipitat.
846 989 981 1059 Quicum-

178 1081 233 1136 que
247 1081 312 1120 vere
326 1065 427 1128 ostium
442 1064 550 1119 animae
564 1081 620 1119 nnn
634 1065 744 1119 excedit
761 1065 858 1118 timere
876 1066 981 1136 optimo

178 1140 404 1211 superveniente,
424 1139 474 1196 ille
488 1137 566 1193 videt
579 1138 820 1210 salevieudigna,
840 1140 981 1208 quaeeri-
1006 1150 1007 1153 ’

176 1222 261 1269 untur
270 1230 354 1286 super
364 1213 543 1286 cogitationes
556 1229 640 1267 sensu
654 1221 762 1268 exutas
800 1211 891 1278 Quare
907 1214 981 1268 adii-

177 1290 454 1356 eit(Exod.12„23):
492 1288 666 1342 Transcendet
685 1291 803 1342 domim
821 1293 918 1344 ostiam
936 1306 980 1342 ve-

175 1373 271 1426 strum,
286 1361 382 1426 idest,
398 1362 526 1432 inquam,
543 1369 722 1426 tamsensus,
737 1377 822 1432 quam
831 1361 979 1416 sensibilia

175 1437 278 1490 omnia.
318 1435 464 1506 Siquidem
478 1444 613 1508 quantum
627 1435 710 1490 liberi
722 1444 788 1490 sunt
802 1437 868 1490 etin
878 1453 910 1490 se
920 1437 978 1490 eel-

176 1510 240 1565 leeti
255 1526 367 1576 sensus,
388 1512 490 1568 mentis
503 1520 582 1581 sunt3
613 1509 724 1583 quando
735 1527 798 1567 vero
808 1510 979 1570 descendant

175 1586 205 1638 in
220 1600 334 1656 eorpus,
355 1587 457 1656 peioris
472 1587 551 1660 ideae
564 1585 760 1654 admissionem
771 1585 902 1662 faciunt,
912 1588 978 1641 imi-

174 1666 263 1737 tentes
273 1658 475 1730 quodammodo
484 1661 628 1717 brutorum
638 1661 800 1717 animalium
810 1670 947 1717 naturam.
1006 1727 1007 1730 Ἴ

190 1780 270 1877 llicit,
290 1815 355 1877 quod
372 1814 452 1877 „Non
468 1818 530 1868 sinet
546 1818 718 1882 disperdentem
734 1818 828 1883 ineredi
839 1818 864 1868 in
877 1819 959 1869 dom

323 1891 415 1931 vestrae
431 1884 467 1933 ad
476 1885 686 1966 pereatieadmn‘i
706 1891 759 1950 (12,
768 1887 823 1949 23.)

229 1986 273 2039 23.
303 1982 445 2038 Counectit
459 1984 628 2057 legislationi
644 1988 789 2043 universae
804 1986 974 2043 voluntatem

174 2056 285 2111 fidelem
295 2064 322 2111 et
332 2057 510 2129 condignam,
528 2061 599 2115 nulli
609 2062 682 2116 malo
692 2078 802 2116 eausam
811 2077 915 2132 ponere
925 2080 974 2133 pe-

173 2132 248 2185 nitus
262 2130 446 2186 divinitatem.
485 2131 636 2200 Quoniam,
658 2138 708 2207 qui
722 2136 803 2199 dicit,
824 2135 900 2205 qued
917 2138 974 2191 Noa

173 2210 239 2260 sinet
246 2222 434 2273 percussorem,
449 2205 584 2273 declarat,
599 2210 674 2280 qued
684 2218 711 2265 et
719 2210 861 2280 corruptio
868 2227 902 2264 ae
910 2227 975 2282 per-

173 2278 265 2334 cussie
274 2279 305 2335 fit
314 2296 363 2351 per
373 2279 441 2335 alios
451 2282 587 2351 quosdam
598 2291 738 2355 tamquam
750 2283 898 2349 satellites,
920 2301 973 2339 non

173 2362 265 2409 autem
274 2370 324 2427 per
334 2353 452 2410 eundem
461 2356 584 2428 primum
594 2375 698 2431 regem.
736 2356 973 2413 Haectibiadlit-

172 2438 269 2483 teram.
308 2429 409 2485 Verum
424 2430 459 2484 ad
473 2439 593 2485 mentem
608 2432 679 2486 illud
693 2431 842 2487 dicendum
856 2440 913 2489 est:
943 2434 973 2487 lu

173 2511 285 2557 cunetas
300 2504 404 2558 animas
418 2505 448 2558 in
462 2505 524 2575 ipsa
537 2506 679 2561 nativitate
689 2506 868 2561 advenientes
879 2507 972 2579 ingre-

159 2575 287 2631 diuntur
306 2578 377 2631 duae
398 2578 481 2632 simul
500 2578 632 2632 virtutes:
662 2580 804 2635 salutifera
821 2589 849 2636 et
863 2580 971 2636 damni-

172 2646 233 2702 fica.
273 2650 303 2705 Si
322 2652 412 2723 prima
426 2667 560 2723 superans
572 2651 708 2717 obtineat,
729 2654 832 2711 debilis
846 2654 970 2710 redditur
