2050 3100
155 200 223 261 ‘⁴72
291 212 390 258 rura.
411 210 486 257 run.
508 202 982 272 Quaasr.nreou.11r,asa.]
1014 231 1015 279 t

171 313 290 369 verbum
305 305 476 367 dominicum
490 310 610 382 probum
622 308 746 383 (filium),
767 309 924 381 perlectum
934 314 982 367 vi-

171 389 267 459 tioque
276 387 454 443 etulceribus
464 394 602 441 carentem
613 392 747 457 perpetuo
756 402 876 439 servare.
913 386 981 441 Ser-

171 470 253 518 vatur
263 469 369 526 autem,
385 463 410 516 si
420 461 550 517 contrarii
560 468 588 515 et
597 468 720 515 terrenae
732 460 907 532 cogitationis
918 472 980 516 stu-

64 599 66 606 ,
172 537 245 593 diosi
253 537 473 593 transmittantur
482 536 512 591 in
523 536 673 590 coloniam:
695 551 759 589 nam
771 536 852 605 quasi
864 534 952 590 alieni
964 555 978 590 a

171 614 275 668 virtute
288 620 384 683 partus
397 618 476 675 sunt,
501 618 530 665 et
548 618 680 665 temerare
694 626 805 680 quoque
815 610 915 664 volunt
926 627 979 683 ge-

171 687 301 743 nuinum.
340 687 443 743 Verum
453 684 513 740 fieri
524 686 622 757 nequit
630 684 693 739 talis
708 685 928 756 transmigratio,
951 687 977 740 si

171 776 227 817 uon
241 763 278 817 sit
292 761 389 834 (pater)
403 762 482 817 visus
497 768 525 814 et
538 776 622 814 sanus
637 760 667 813 in
677 759 810 814 vitavere
820 766 847 812 et
857 759 977 815 oonsilio

172 853 253 892 sano:
275 854 330 892 non
343 837 419 892 euim
433 836 553 889 inaniter
566 834 672 889 dictum
687 840 742 897 est,
763 833 838 905 quod
853 838 916 887 dum
925 840 977 889 ad-

171 916 221 965 huc
238 917 293 979 lpse
309 916 419 975 eiceret,
443 910 540 981 procul
560 909 637 963 misit
655 908 787 963 damnum
806 908 974 979 vitiumque.

170 987 247 1041 Misit
263 995 423 1042 autemnon
440 986 470 1039 in
488 992 597 1057 partem
614 983 789 1047 orientalem,
815 982 865 1037 sed
883 986 975 1057 magis

171 1062 371 1117 naturalitatis
380 1064 608 1124 memorianus,
627 1075 682 1114 non
696 1057 827 1114 videlicet
840 1058 869 1113 iu
883 1059 975 1114 caele-

171 1138 225 1190 stia
234 1136 419 1206 divinumque
428 1135 536 1197 lumen,
557 1134 607 1188 sed
621 1134 651 1188 iu
664 1141 771 1188 terrena
784 1140 865 1204 atque
878 1150 975 1189 corru-

171 1212 283 1283 ptibilia
297 1210 445 1283 superbiae
459 1224 601 1280 vanaeque
614 1209 718 1280 gloriae
732 1208 837 1262 lumina
847 1216 873 1263 et
883 1208 975 1279 phan-

170 1295 299 1351 tasmata,
321 1302 439 1357 quorum
449 1284 629 1339 aemulatores
639 1281 705 1338 facti
715 1292 790 1337 sunt.
829 1280 900 1349 Quia
913 1285 975 1338 ina-

171 1379 221 1417 nes
235 1371 301 1416 sunt
315 1360 502 1416 contentiones
518 1359 604 1413 animi
620 1359 650 1412 in
665 1358 794 1422 divitias,
815 1358 932 1431 gloriam
948 1369 974 1414 et

171 1436 216 1491 his
226 1436 345 1499 similia,
366 1446 438 1505 quae
451 1433 547 1505 plures
564 1434 595 1489 in
608 1433 722 1489 meliore
736 1440 814 1506 perte
828 1431 972 1490 collocant.

189 1642 238 1694 Cur
254 1643 284 1692 da
302 1642 353 1692 vita
369 1641 485 1692 Abrahae
503 1644 621 1708 reserens,
650 1644 720 1708 dicit,
742 1646 808 1709 quod
822 1643 885 1709 „Hi
901 1657 957 1696 sunt

298 1709 358 1760 oont'
373 1709 462 1760 &etna
478 1710 543 1760 vitoe
560 1709 719 1762 Adralae“t
741 1713 795 1780 (25,
808 1715 844 1774 7.)

229 1831 288 1885 lito.
308 1827 418 1901 Optime
430 1832 485 1883 dice
498 1828 583 1883 dixit:
606 1847 659 1885 non
674 1831 750 1885 enim
763 1829 824 1888 vult
839 1847 975 1888 annorum

171 1904 280 1976 copiam
290 1921 441 1975 exponere,
456 1904 529 1958 sicut
542 1903 773 1978 historiographi,
788 1904 837 1961 sed
847 1905 976 1962 indicare

170 1980 296 2052 singulas
312 1979 451 2051 Sapientis
466 1987 567 2035 aetates
583 1979 728 2036 distinctas
741 1989 798 2036 tam
817 1980 975 2037 laudabiles

169 2054 272 2120 luisse,
285 2072 369 2127 quam
378 2055 671 2126 perenniterdurasse.
705 2055 852 2128 Siquidem
862 2055 975 2112 dierum

170 2138 348 2204 augmentum
371 2138 413 2184 est
434 2147 537 2195 annus,
576 2148 630 2186 non
653 2147 719 2186 vero
742 2147 876 2186 annorum
900 2131 973 2187 dies.

168 2205 304 2272 Quoniam
314 2205 430 2260 decebat
439 2221 499 2269 eos,
518 2205 568 2276 qui
579 2205 734 2262 secundum
743 2207 875 2263 virtutem
885 2207 975 2262 vitam

169 2289 268 2354 agunt,
289 2288 321 2335 ut
333 2297 383 2352 pro
397 2280 528 2352 temporis
546 2280 721 2353 longitudine
734 2288 916 2354 augmentum
935 2279 972 2357 [*]

168 2373 235 2428 prae
244 2373 275 2411 se
284 2355 387 2411 ferrent
396 2372 450 2411 non
462 2355 530 2411 adeo
540 2363 649 2429 tempus
660 2357 823 2420 senectutis,
836 2364 973 2428 quantum

168 2431 279 2489 radium
291 2431 471 2488 dominicum.

171 2632 219 2684 Cur
236 2644 313 2685 autem
332 2633 392 2685 anni
407 2632 471 2682 citae
487 2639 578 2679 centum
594 2632 748 2697 septuaginta
765 2633 885 2699 quicquat
912 2636 972 2700 (ib.)

228 2751 285 2804 ⁴5⁴.
305 2747 441 2815 Quoniam
455 2741 558 2816 septies
574 2745 604 2798 iu
620 2761 652 2801 eo
666 2763 780 2804 numero
795 2751 972 2805 continentur
