2050 3100
47 271 90 337 [11,
102 268 162 334 m]
225 274 267 319 IN
288 273 465 320 GENESIN.
486 275 615 321 SERMO
633 276 676 322 lv.
803 272 849 327 22!

130 406 181 457 Cur
198 388 331 457 odeouctos
344 418 430 472 puteos
446 425 537 457 rursum
549 409 633 474 sedit?
650 411 702 475 (26,
718 413 771 473 18.)
817 404 825 419 ’

103 513 164 565 493.
185 509 229 563 Ad
240 509 372 573 litteram,
385 512 451 580 quia
461 518 559 565 natura
569 509 717 577 humanus,
730 512 852 570 benevo-

45 587 89 639 lus
99 595 128 640 et
138 583 292 657 indulgens
303 593 345 638 est
354 585 480 655 sapiens,
500 584 608 639 nullius
621 588 733 642 omnino
747 606 851 645 memor

44 660 184 723 malitiae,
201 658 252 713 sed
262 658 381 714 devictis
392 659 519 714 hostibus
530 676 648 731 aequum
660 660 737 716 ducit
746 662 850 719 bonum

44 735 135 789 lacere
155 734 264 807 petius,
285 750 370 804 quam
388 734 532 789 damnum.
572 733 614 799 Ad
633 744 753 791 mentem
772 756 847 804 vero

43 810 179 880 qnoniam
189 808 242 863 hoe
252 817 294 863 est
307 825 378 879 opus
392 808 511 864 studiosi
527 811 779 881 contemplationis,
800 832 850 873 cu-

43 888 87 939 ius
97 885 152 939 etsi
164 883 199 938 ad
210 892 320 954 tempus
332 881 369 970 [*]
382 885 517 957 exiguum
527 884 590 939 obst
579 892 684 940 truatur
695 904 787 949 mens
800 889 850 959 ad-

43 961 132 1015 vectis
142 960 174 1013 in
185 975 250 1012 eum
261 974 342 1028 quaer
334 958 410 1014 'luto
420 975 562 1045 coenoque
571 959 679 1025 muudi,
691 965 850 1035 occupatio·

44 1035 129 1089 nibus
144 1032 330 1106 ingentibus'
323 1035 538 1106 immensisque,
560 1043 636 1090 curat
652 1036 753 1092 eiicere
766 1055 811 1093 eas
822 1050 849 1094 et

43 1109 178 1165 leviorem
194 1125 224 1163 ae
238 1106 368 1173 reddere,
389 1118 420 1163 ut
433 1109 534 1164 iterum
548 1110 638 1165 valeat
652 1126 762 1165 sursum
773 1116 849 1184 aspi·

44 1202 105 1240 cere
125 1193 155 1240 et
168 1184 231 1239 sine
245 1150 388 1240 obstaculo
401 1183 493 1239 radios
509 1184 623 1239 luminis
638 1184 790 1255 sapientiae
804 1188 849 1241 vi-

42 1260 118 1315 dere
185 1282 188 1286 ²

98 1381 149 1431 Gur
167 1381 249 1430 eodem
266 1382 362 1430 nemim
376 1347 445 1445 potiit
459 1381 551 1445 putea'a,
572 1397 633 1444 quae
647 1391 721 1443 pater
737 1398 793 1430 suus

340 1447 477 1498 indiderat?
493 1449 554 1511 (ib.)

101 1554 161 1606 tat.
186 1551 288 1606 Littera
303 1552 433 1622 pietatem
448 1548 578 1626 patefacit
595 1565 659 1622 erga
680 1559 798 1621 patrem,
821 1564 847 1607 et

188 1791 281 1857 thttid
296 1751 406 1843 adstricta
419 1803 495 1858 poteo
511 1810 593 1842 rursus
610 1793 709 1858 effodit?

101 1898 162 1951 tta.
188 1894 360 1966 spontaneae
377 1895 540 1950 elementiae
554 1903 580 1950 et
594 1895 760 1950 humilitatis
779 1913 847 1968 pru-

41 1971 127 2033 dens,
149 1969 227 2025 nulla
245 1970 373 2026 detentus
392 1987 475 2026 saevo
488 1971 634 2035 memoria,
656 1987 787 2041 superare
803 1971 848 2026 di-

41 2054 144 2118 gnatur
155 2044 342 2101 adversarios:
364 2062 419 2100 non
428 2045 500 2102 mala
512 2045 667 2117 premialia,
679 2046 844 2117 sedperbe-

41 2120 153 2176 nefieia
193 2119 298 2176 Sensus
312 2130 404 2175 tamen
420 2120 532 2176 alterior
546 2121 598 2180 hoe
611 2121 759 2183 advocatur
770 2139 846 2177 mens

41 2196 95 2251 deo
110 2195 221 2260 dedita,
243 2196 308 2251 lieet
320 2194 355 2250 ad
374 2203 484 2267 tempus
503 2195 659 2267 decipiatur
678 2197 846 2284 supradietis

41 2269 214 2342 quibusdam
223 2270 412 2327 molestiarum
426 2270 611 2354 ponderibus,
633 2272 711 2330 eoeui
726 2272 787 2326 vice
802 2273 848 2325 in-

42 2345 235 2416 quietantibue
245 2354 273 2401 et
281 2346 498 2433 optumatibus,
520 2355 663 2416 exportare
674 2361 720 2400 eas
731 2356 757 2401 et
767 2363 847 2402 reve-

43 2420 99 2475 lare
124 2420 217 2483 novit,
248 2428 280 2476 ut
303 2422 415 2476 interim
437 2421 525 2491 possit
543 2422 675 2492 pristinos
694 2422 846 2492 sapientiae

42 2495 243 2566 splendores'
220 2512 281 2550 arne
295 2495 353 2554 ullo
368 2494 566 2566 impedimento
580 2513 752 2568 recuperare.

46 2634 141 2700 thuid
156 2635 240 2686 eudem
256 2637 374 2688 matuta
386 2638 469 2702 potuit
482 2638 574 2710 puteis,
603 2653 664 2701 qaae
686 2635 756 2685 etiam
774 2651 847 2697 prae-

293 2714 329 2753 ter
347 2707 418 2769 (lege
431 2707 520 2770 pater)
539 2691 603 2754 siuet

100 2806 160 2859 tat.
185 2805 321 2861 Aemulus
334 2815 463 2878 paternae
473 2807 585 2878 pietatis
597 2805 727 2859 honorem
738 2800 793 2854 sibi
805 2816 847 2853 re-
