2050 3100
59 189 153 260 [dist]
205 201 246 246 IN
266 202 444 247 GENESIN.
464 202 592 255 SERMO
610 203 655 249 lv.
794 198 826 249 85

59 293 112 353 deus
126 302 242 371 praescia
261 302 363 357 virtute
380 303 473 358 omnia
495 302 586 367 novit,
617 304 699 358 etiam
723 273 825 367 futura,

59 376 263 442 quemadmodum
272 377 394 448 et-paulo
404 386 466 433 ante
475 378 582 433 monui.
622 378 686 447 Vult
699 395 763 451 ergo
777 378 828 434 do-

59 464 103 503 cere
114 467 155 515 eps
171 454 218 523 qni
232 453 388 521 secundum
401 460 523 523 sanctam
540 450 742 525 legislationem
762 471 828 509 con-

58 525 161 579 versandi
174 535 263 591 erant,
284 535 316 582 ut
334 544 414 582 nemo
432 528 541 583 iussum
560 527 612 583 det*
624 528 706 583 facila
723 530 825 593 statim,

57 597 95 651 aad
104 600 170 655 intus
184 603 213 655 in
226 603 289 674 ipsa
302 604 413 675 negotia
426 603 505 675 prins
522 604 641 675 ingressi
658 604 828 675 perspiciant

57 676 255 749 perpendantque
264 678 359 733 omnia
371 678 536 750 singillatim
551 686 578 739 et
591 678 752 751 diligenter,
772 696 827 734 non

57 763 106 802 vero
120 752 260 823 superficie
277 770 371 807 rerum
389 752 572 825 decipiantur.
611 752 745 819 Quoniam
764 763 829 808 sunt

58 820 140 893 aliqua,
158 844 226 897 quae
239 836 376 900 apparent
389 829 420 882 in
433 836 581 900 conspectu
593 829 710 900 pulchra
720 839 747 884 et
757 828 828 901 legi-

57 896 118 963 tima,
135 902 181 956 sed
196 912 345 975 postquam
360 903 500 967 abierunt,
525 902 604 958 laeda
618 911 645 959 et
658 905 774 971 iniusta;
801 914 828 957 et

57 986 82 1023 er
99 974 200 1033 adverso
217 980 315 1051 aliqua
338 985 369 1033 ut
389 978 462 1033 mala
486 979 545 1033 visa
567 986 593 1033 et
615 980 687 1033 sicut
708 979 828 1034 obnoxia

57 1049 136 1115 reatui,
157 1053 186 1107 in
202 1056 264 1125 ipsa
283 1052 443 1124 probatione
460 1062 599 1125 comperta
616 1061 680 1107 sunt
697 1070 829 1125 generosa

58 1120 365 1200 valdaqoalaudedigno.
391 1126 500 1200 Optima
511 1127 830 1201 igiturdoctrinabonae

56 1195 111 1251 vitae
122 1205 256 1275 praecepit
270 1220 337 1258 cum
350 1203 425 1276 lega,
449 1211 482 1258 nt
497 1218 579 1257 nemo
596 1200 723 1258 videatur
738 1202 830 1255 statim

58 1266 119 1327 facilc
130 1292 257 1344 annuere,
282 1285 428 1349 antequam
440 1278 558 1333 oonsilio
570 1277 722 1348 sapientiae
736 1276 831 1346 inqui-

58 1353 99 1409 sti,
115 1352 197 1419 qualis
208 1356 276 1426 quis
289 1354 325 1408 sit
336 1354 482 1422 veraciter3
504 1353 631 1424 deceptio
644 1352 719 1407 enim
732 1349 767 1426 [Ἴ
781 1351 831 1405 de-

59 1415 168 1481 fraudatio
180 1436 220 1484 est
237 1428 278 1502 (s.
293 1428 516 1502 praevaricatio).
555 1428 590 1483 Ut
608 1443 674 1501 ergo
691 1429 830 1482 neminem

59 1490 175 1557 boninum
195 1513 223 1560 et
242 1504 394 1578 praecipue
415 1504 575 1576 principum
597 1502 699 1575 pudeat
722 1502 829 1574 aliquid

59 1574 155 1651 neena,
174 1596 204 1634 eo
217 1579 295 1652 quod
306 1579 485 1647 ,insufficiens
501 1577 627 1635 fueritin
641 1595 706 1634 casu
721 1579 830 1635 visibili

60 1648 205 1709 luviaibilem
213 1673 275 1712 rem
284 1656 387 1711 certius
400 1656 546 1727 consequi,
568 1654 668 1710 ducam
681 1671 712 1708 ac
724 1654 831 1725 princi-

59 1732 110 1785 llm
127 1729 312 1788 universorum
335 1730 464 1795 adduxit,
503 1731 548 1785 cui
569 1731 660 1785 omnia
683 1729 831 1801 perspicua

61 1803 123 1861 mult
139 1817 186 1858 non
198 1805 462 1877 priuscredidissa,
484 1805 534 1861 aad
552 1805 699 1878 diligenter
715 1805 832 1858 interro-

62 1880 216 1950 ttae-'atqie
237 1881 435 1952 inquisivisse,
467 1897 536 1935 num
560 1887 709 1951 sequantur
734 1895 832 1934 vocem

62 1939 190 2028 lumoom)
203 1956 288 2021 facta,
310 1972 345 2010 an
356 1955 433 2010 aliud
443 1955 537 2010 dicant
547 1957 619 2010 sicut
629 1955 781 2026 culpabile,
805 1961 832 2007 et

64 2015 123 2075 ahud
135 2039 208 2099 agant
221 2031 315 2086 minus
328 2030 498 2102 culpandum
504 2051 518 2084 ε.
533 2030 613 2085 multi
624 2030 780 2108 enimvmale
790 2029 834 2102 ¹⁰7

64 2104 156 2160 queam
167 2108 280 2162 virtutes
295 2114 444 2178 peragunt,
466 2113 494 2162 et
508 2106 579 2161 bena
593 2104 761 2176 proferentes
776 2104 833 2158 ini-

63 2178 105 2252 qu?
117 2187 191 2246 agunt
203 2197 298 2252 opere;
320 2198 391 2253 quae
406 2181 554 2254 diligenter
568 2181 685 2236 scrutari
700 2178 782 2235 deb'et
796 2180 830 2240 is,

66 2249 305 2316 l11¹pr0tuturusast
317 2256 446 2312 humanis
457 2256 540 2312 rebus
553 2255 651 2311 nitide.

69 2389 105 2442 ΟΨ
121 2400 192 2456 devm
211 2402 455 2475 muqohaitcr'dioit:
490 2409 635 2473 „Abrabam
657 2418 734 2457 antem
756 2405 833 2458 adbuc

201 2481 281 2542 stabat
297 2495 378 2528 coram
395 2478 487 2528 domim
496 2481 528 2527 “t
548 2478 600 2542 (18,
615 2477 669 2538 22.)
695 2483 698 2492 '

110 2568 146 2624 25·
170 2574 285 2636 Rursum
305 2581 414 2637 animus
433 2579 518 2635 deum
536 2579 566 2632 in
585 2594 615 2631 se
635 2573 752 2647 gerit*)‚
776 2580 834 2625 tum

75 2675 250 2710 x..

109 2743 175 2792 'litt
184 2755 223 2795 ita:
242 2755 352 2796 Coram
366 2756 406 2801 (od
418 2754 488 2798 Mam)
502 2751 583 2790 animoa
596 2741 697 2794 «tropicon
705 2743 739 2788 stt.
756 2740 836 2780 Auen.
