2050 3100
154 141 189 195 ta
379 142 564 190 PHILONIS
588 142 724 189 iuuant
874 139 904 206 [1,
916 143 962 208 aa]
991 117 992 168 ³

152 246 358 303 Providentiam
373 245 397 299 is
412 261 466 299 non
487 251 610 308 accusat,
632 260 729 298 verum
749 246 961 301 accusatoribus

153 321 312 376 valedicens
326 320 371 376 vel
387 322 417 374 in
436 319 506 391 ipsis
525 318 628 374 morbis
647 318 854 390 providentiam
875 321 961 394 proii-

153 406 236 452 tetur.

209 474 253 526 to.
278 473 359 526 Terra
373 478 507 540 perpetuo
522 486 553 524 ac
567 469 702 540 patienter
721 468 834 524 easdem
855 470 962 542 produ·

153 563 215 600 cere
229 545 337 617 plantas
351 561 406 598 non
426 544 557 616 cessat*).
597 543 709 599 Caelum
727 543 858 598 ordinem
879 564 961 601 suum

153 618 355 675 immutabilem
370 627 471 672 servat.
511 619 558 673 Sol
573 628 600 673 et
616 619 681 673 luna
696 627 879 691 caeteraeque
895 623 961 676 stel-

154 696 197 750 lae
209 713 223 749 a
234 693 344 749 decenti
354 709 438 748 cursu
447 701 629 749 concessant.
658 696 731 750 Mare
741 695 872 766 regulam
883 713 959 750 man·

153 770 211 825 dati
229 786 282 823 non
297 766 418 823 excedit.
460 767 614 839 Aquatilia,
636 768 759 824 volatilia
775 777 804 824 et
817 772 958 826 terrestria

153 845 257 901 debitis
271 842 372 898 officiis
386 861 441 898 non
455 843 566 899 desunt.
606 842 687 898 Solus
703 843 829 899 libertate
846 846 958 916 praedi-

151 930 197 976 tus
210 918 309 974 mundi
324 919 409 983 civis,
430 918 525 982 homo,
547 918 592 972 cui
608 927 634 972 et
647 919 820 990 principatus
841 921 956 991 quidam

152 995 306 1067 imperialis
316 1011 464 1049 concessus
475 993 540 1058 tuit,
553 992 616 1047 talis
626 994 740 1064 inquam
751 994 955 1064 providentiam

153 1072 260 1126 dimisit
270 1071 415 1142 legemque
425 1069 548 1123 iustitiae
558 1067 691 1140 neglexit.
718 1069 815 1124 Nonne
826 1071 953 1143 iniquum

153 1147 265 1202 videtur
275 1148 374 1200 reiecta
384 1143 558 1216 providentia
569 1151 657 1198 semet
666 1144 758 1216 ipsum
769 1145 814 1198 sui
829 1148 955 1217 proviso·

153 1240 212 1279 rem
221 1239 282 1277 esse
292 1221 398 1284 dicere,
418 1235 449 1272 ac
459 1218 618 1273 molientem
628 1219 720 1273 omnia
730 1220 879 1292 ingeniose
890 1231 954 1276 tam-

152 1297 292 1370 quam‘vir
301 1292 442 1367 prudens?
462 1291 644 1364 thuomodo
654 1294 753 1349 nonsit
764 1295 817 1349 iste
829 1296 951 1368 iniquus,

152 1373 329 1446 pertinaciter
339 1369 525 1425 universalem
535 1367 737 1440 providentiam
747 1369 897 1436 reiiciens,
909 1371 951 1442 qui

152 1465 183 1502 se
197 1447 388 1503 doctissimum
403 1445 486 1498 iactat
499 1451 676 1514 caeterosque
691 1443 817 1499 homines
831 1447 953 1517 pruden-

152 1524 207 1579 tiae
216 1530 355 1593 compotes
364 1519 420 1575 sibi
430 1518 492 1574 vult
501 1535 562 1573 esse
573 1518 730 1575 subiectos?

208 1608 251 1660 tt.
273 1607 324 1662 Cui
335 1607 460 1661 dicemus
470 1606 580 1677 utiquc:
607 1605 767 1677 Osapiens,
782 1607 860 1663 unde
872 1608 953 1664 habes
992 1630 993 1669 3

152 1683 263 1738 virtutis
273 1689 300 1736 et
310 1680 474 1753 prudentiae
485 1680 656 1745 facultatem,
672 1698 773 1752 quum,
785 1699 860 1753 quae
871 1693 899 1739 te
909 1686 953 1756 ge·

152 1757 212 1812 nuit
222 1764 332 1819 natura,
349 1757 486 1826 insipiens
495 1764 551 1821 est,
568 1765 596 1811 et
604 1757 769 1811 universalis
778 1759 952 1829 providentia

152 1832 229 1887 nulia
239 1829 298 1885 esti
320 1828 375 1883 Sed
386 1847 436 1884 vae
447 1830 608 1887 huiusmodi
618 1832 778 1887 hominibus
787 1840 844 1887 tam
857 1834 954 1889 audaci

151 1905 379 1981 praesumptione·
386 1906 541 1977 occupatis,
563 1908 613 1979 qui
623 1915 678 1961 tam
689 1915 810 1962 amenter
821 1925 851 1962 se
862 1911 954 1981 ingra-

150 1992 193 2038 tos
206 1980 397 2053 providentiae
410 1980 557 2051 praebent,
579 1984 684 2053 quippe
694 1983 743 2054 qni
754 1982 892 2054 sibiipsis
903 1986 954 2038 im-

151 2058 249 2115 merito
263 2056 402 2127 sapientes
416 2054 577 2113 videanturt
612 2057 670 2130 Ego
689 2066 782 2112 tamen
800 2075 953 2130 numquam
992 2084 993 2103 t

151 2132 258 2207 negabo
271 2149 333 2187 esse
347 2132 549 2204 providentiam
567 2140 773 2203 permanentem
792 2133 866 2187 inter
886 2134 952 2188 fines

151 2208 405 2280 comprehensionis
416 2226 497 2273 suae,
509 2224 625 2278 eamque
636 2209 778 2272 exsistere,
790 2208 875 2262 etiam
886 2226 953 2263 cun·

151 2286 203 2340 ctis
218 2284 362 2339 elementis
377 2284 537 2340 fatentibus.
561 2280 597 2358 [*]
619 2284 714 2345 Nonne
729 2292 756 2338 et
770 2285 839 2339 ratio
855 2285 952 2338 asserit

150 2378 221 2432 opus
241 2359 419 2415 artificiosum
438 2377 499 2415 esse
518 2375 573 2413 non
592 2373 688 2428 posse,
709 2359 765 2413 nisi
784 2357 819 2411 ab
839 2358 952 2431 iugenio
992 2392 993 2415 3

150 2434 284 2504 quodam,
306 2434 382 2506 quod
394 2451 464 2507 opus
475 2436 568 2506 ipsum
578 2433 720 2498 moliatur,
743 2433 952 2506 suscipiatper-
992 2450 993 2453 ¹

149 2507 295 2563 tectionem
306 2508 403 2563 suam?
465 2576 470 2583 Ι

164 2696 168 2704 1
200 2645 222 2692 ·)
239 2658 257 2684 s.
271 2649 312 2685 tta:
338 2649 404 2687 rma
420 2640 619 2697 &productionem
631 2648 766 2695 plantam,
790 2659 830 2689 aaa
844 2651 949 2699 atnepos.

148 2699 325 2742 immersiones,
338 2699 411 2744 ‚tidelia
419 2703 508 2748 parm.
535 2698 617 2737 Anah,
698 2730 703 2741 ,
