2050 3100
47 164 84 230 [1,
99 162 161 227 aaa]
264 169 335 215 Lis.
354 170 403 215 un
421 150 664 216 nuaua'araus.
812 164 860 221 ⁴27

46 268 108 341 qui
124 267 272 339 ampliores
290 277 367 324 erant
379 270 409 324 in
424 279 504 326 vasto
516 268 656 326 dominio?
679 269 769 337 Quum
785 273 859 325 enirn

47 346 85 399 in
103 351 280 413 conspectum
294 353 429 400 venerunt
442 346 542 401 theatri
556 346 703 401 ordinatim
718 344 856 417 dispositi,

47 429 200 488 tamquam
225 434 262 473 cx
280 419 406 475 mandato
425 422 568 475 silentium
586 420 747 476 observante
767 421 856 484 turha,

47 493 181 566 primum
190 509 285 548 omnes
295 494 378 550 simul
388 494 546 567 elephantes
557 496 717 551 facietenus
727 512 801 569 genu
810 494 859 549 lie-

50 575 166 623 ctentes
176 566 322 623 adorarunt
331 570 532 641 agonothetam.
562 570 673 633 ,Deinde
684 579 858 643 assurgentes

48 640 239 716 proboscidas
254 642 373 698 elevatas
387 646 547 711 movebant,
571 645 724 701 iudicantes
740 646 858 701 salutare

46 716 204 791 populum.
236 717 332 772 Postea
341 720 540 790 spectatoribus
551 737 596 776 eos
607 720 798 785 laudantibus,
813 720 857 775 illi

47 792 140 864 quasi
151 800 274 846 mutuam
283 792 473 859 salutationem
483 796 660 865 recipientes,
680 794 857 866 proboscidas

23 921 24 924 ,
45 866 137 922 velut
146 865 272 922 dexteras
282 866 411 923 deorsum
426 868 605 923 demiserunt.
645 870 776 925 Nonnulli
792 887 857 925 vero

46 956 154 997 eorum
168 940 379 997 discumbebant
397 943 474 998 illico
487 974 525 984 -
538 943 594 998 iam
613 944 688 997 enim
703 946 857 1014 praeparati

23 1074 24 1077 ,
47 1017 168 1072 fuerant
176 1015 240 1071 lecti
250 1015 331 1072 ferrei
344 1016 521 1081 solidissimi,
542 1016 657 1088 provide
672 1018 800 1088 quidem,
822 1035 857 1073 ne

48 1091 175 1147 immani
185 1090 307 1161 pondere
315 1092 493 1163 elephantum
502 1091 743 1165 frangerentur-,
755 1091 858 1162 reliqui

47 1182 123 1223 vero
137 1165 216 1220 velut
229 1164 326 1221 famuli
340 1183 390 1237 pro
404 1168 557 1222 ministerio
572 1166 680 1222 stabant
694 1174 756 1221 ante
771 1182 817 1220 eos
831 1174 858 1220 et

23 1299 24 1304 χ
47 1239 145 1297 multa
155 1239 270 1311 quidem
279 1243 407 1297 convivio
417 1259 470 1297 usu
484 1242 623 1297 venientia
634 1240 798 1311 obsequiosa
807 1256 858 1294 ex·

47 1314 193 1373 bibebant
201 1316 400 1371 incunctanter.
438 1318 534 1387 Neque
548 1324 610 1387 post
622 1315 740 1369 multum
750 1322 858 1385 tempo-

23 1457 24 1460 ,
47 1393 95 1447 ris
111 1406 230 1463 surgens
241 1408 315 1446 unus
328 1392 405 1446 velut
418 1408 454 1445 ex
467 1390 586 1463 dapibus
601 1406 724 1454 mensae,
748 1406 813 1461 prae
827 1406 857 1443 se

48 1468 150 1530 ferens
164 1466 376 1527 similitudinem
389 1467 460 1521 ebrii
476 1463 513 1540 [³¹⁵]
531 1466 650 1521 humano
664 1464 729 1519 ludo
744 1463 777 1519 ad
791 1465 857 1535 pul-

47 1543 157 1598 chrum
171 1548 281 1596 cantum
295 1541 379 1597 tubae
396 1541 572 1613 citharaeque
591 1540 710 1596 saltavit.
751 1539 856 1596 Caeteri

48 1633 123 1674 vero
132 1623 201 1670 tuno
209 1617 387 1687 proboscidas
396 1616 544 1672 movebant
554 1625 581 1672 et
595 1615 747 1671 identidem
758 1616 857 1670 sibila-

23 1687 25 1694 ’
48 1695 125 1749 bant
134 1689 171 1745 ad
179 1691 348 1763 tripudium,
359 1693 440 1764 quasi
451 1692 533 1747 laude
542 1699 748 1764 prosequentes.
771 1692 856 1746 Post-

47 1783 143 1841 quam
153 1765 264 1822 demum
274 1783 346 1822 unus
357 1768 496 1822 lucernam
506 1769 627 1838 aliquam
638 1766 737 1830 attulit,
754 1783 784 1821 ea
795 1767 854 1821 visa

47 1846 169 1914 tempus
186 1841 321 1897 redeundi
335 1843 489 1898 iudicantes
505 1852 696 1906 surrexerunt,
723 1849 749 1898 et
767 1850 856 1896 trans-

47 1926 156 1976 euntes
171 1915 362 1983 discedebant,
383 1917 502 1974 necdum
514 1919 625 1973 omnino
640 1917 779 1972 ebriorum
792 1933 855 1988 per·

48 2010 140 2050 sonas
150 2001 339 2056 monstrantes,
354 1993 404 2048 sed
415 1992 578 2051 labascendo
589 2009 620 2048 ac
631 1993 766 2056 nutando,
776 1993 814 2046 ita
825 2001 855 2046 ut

48 2084 140 2141 aegre
149 2066 235 2138 pedes
245 2083 355 2122 movere
366 2077 477 2140 possent
486 2068 516 2122 in
531 2084 640 2140 gressu,
667 2074 854 2122 verumtamen

46 2142 227 2200 vacillabant
244 2142 394 2199 titubantes
411 2143 612 2199 vinolentorum
632 2158 720 2205 more,
750 2141 817 2195 dum
840 2157 854 2192 a

47 2222 164 2276 theatro
174 2217 309 2272 abierunt.

112 2325 158 2379 28.
177 2323 282 2378 Dicitur
291 2324 374 2378 etiam
383 2321 565 2378 Alexandriae
576 2320 693 2394 Aegypti
704 2334 776 2372 unus
788 2317 855 2372 isto·

47 2415 119 2455 rum
132 2396 202 2452 olim
217 2399 320 2453 litteras
335 2396 481 2457 didicisse.
502 2397 541 2451 ita
554 2404 585 2451 ut
599 2393 718 2467 potnerit
728 2393 795 2456 haec
806 2409 855 2448 no—

47 2486 128 2531 tare:
156 2473 210 2541 Epo
224 2477 278 2542 ipse
290 2477 468 2541 taecacatpsi.
507 2473 563 2526 Nec
578 2487 631 2525 non
647 2467 740 2524 edocta
753 2466 855 2522 dicitur

48 2548 153 2604 bellua
171 2547 221 2602 illa
240 2548 370 2603 simulare
389 2547 473 2601 animi
495 2555 585 2601 motus
610 2545 681 2599 sicut
706 2551 851 2609 amatores;
872 2541 876 2552 ¹

49 2626 136 2679 aiunt
150 2619 204 2694 (vel
220 2623 330 2695 canunt)
341 2623 414 2678 enim
430 2621 602 2692 elephantem
614 2628 754 2689 tamquam
765 2634 854 2672 amore

49 2698 137 2773 pueri
149 2706 260 2769 captum
274 2697 339 2752 ferri
353 2698 382 2752 in
398 2696 546 2759 camelum,
566 2693 684 2750 osculari
700 2709 775 2756 eum,
797 2709 856 2746 am-
