2050 3100
147 316 239 382 [11,
264 314 382 378 494]
526 320 607 363 IN
643 320 978 365 EXODUM.
1019 322 1274 367 SERMO
1313 324 1375 367 11.
1651 291 1744 371 ἐμ
1810 346 1817 352 -

226 466 360 526 Quid
392 478 460 517 est
493 469 792 533 „Accipiens
827 470 990 520 librum
1022 473 1288 522 testamenti
1318 474 1431 538 leyit
1464 474 1514 523 in
1550 492 1688 524 aures

592 537 795 586 universi
816 539 991 602 populi
1001 542 1067 588 “t’
1109 542 1217 603 (24,
1243 542 1317 604 7.)

267 640 354 692 34.
396 638 470 692 De
500 638 692 694 divino
731 647 1053 696 testamento
1092 642 1294 697 certius
1334 646 1753 717 accuratiusque

144 717 264 769 iam
297 711 508 767 dictum
537 722 645 775 est,
699 714 772 769 ita
803 723 863 770 ut
892 717 992 770 vix
1023 724 1268 788 oporteat
1305 736 1453 774 nunc
1490 722 1753 792 temporis

145 788 442 860 replicare.
519 789 723 845 Verum
753 789 822 845 de
853 790 1086 846 lectione
1111 793 1168 846 in
1190 810 1349 848 aures
1370 795 1562 850 notitia
1581 813 1755 867 quae-

145 864 282 919 dam
301 864 623 934 exponenda
645 872 746 918 est.
820 866 908 921 Fit
929 883 1058 940 ergo
1078 867 1177 922 illa
1196 869 1318 924 sine
1336 872 1678 942 separatione
1700 880 1753 926 et

146 939 578 1009 interruptione,
621 957 730 995 non
760 943 1002 996 exterius
1034 944 1154 997 ae're
1182 945 1401 1016 pulsato
1427 947 1753 1017 crepituque

148 1017 210 1068 in
233 1030 397 1068 aures
414 1016 770 1085 perveniente
784 1057 796 1081 ‚
840 1016 939 1071 sed
960 1017 1199 1073 dicentis
1218 1038 1329 1075 vox
1353 1021 1670 1075 immediate
1692 1023 1749 1075 in

145 1107 243 1144 eas
265 1106 494 1155 sonanS,
536 1091 681 1145 sicut
698 1108 808 1146 vox
825 1093 1096 1163 quaedam
1118 1095 1359 1166 simplex
1388 1112 1450 1149 ac
1478 1096 1623 1150 clara
1653 1113 1754 1150 ex-

143 1181 324 1238 pansa
338 1205 351 1227 ,
390 1182 460 1219 ne
495 1166 651 1220 tertio
668 1165 907 1237 quodam
928 1169 1214 1223 interiecto
1233 1168 1326 1223 fiat
1344 1171 1625 1241 perceptio
1644 1171 1753 1223 mi-

145 1257 252 1295 nor
267 1281 282 1304 ,
312 1238 411 1294 sed
431 1241 608 1313 magis
630 1239 858 1297 firmiter
877 1261 1044 1298 sonus
1065 1243 1258 1298 edatur
1274 1244 1520 1315 simplici
1540 1252 1753 1299 tantum

145 1313 314 1370 modo
328 1355 340 1378 ‚
362 1315 442 1369 -in
469 1333 642 1370 unum
664 1319 1121 1373 convenientibus
1144 1318 1489 1374 auditoribus
1511 1327 1563 1373 et
1582 1318 1751 1373 verbo

145 1391 274 1444 sine
296 1390 619 1446 intermedia
640 1392 756 1446 ulla
776 1394 1139 1464 separatione.
1203 1393 1406 1448 Littera
1428 1392 1751 1448 huiusmodi

147 1464 404 1520 habetur.
483 1466 569 1522 Ad
604 1475 841 1535 mentem
870 1485 1029 1533 vero,
1056 1469 1204 1541 quia
1234 1470 1353 1523 fieri
1383 1486 1490 1524 non
1519 1476 1747 1539 poterat,

148 1547 214 1596 ut
242 1558 352 1596 vox
380 1542 547 1597 unius
576 1542 866 1600 cuiusdam
896 1545 954 1599 in
983 1553 1164 1601 tantae
1193 1544 1569 1601 multitudinis
1592 1562 1751 1600 aures

143 1618 492 1689 perveniret,
545 1626 639 1672 aut
665 1619 784 1690 ipse
813 1620 882 1674 ad
918 1621 1265 1693 singulorum
1295 1621 1560 1676 accedens
1592 1638 1749 1676 aures

144 1693 494 1763 loqueretur,
538 1710 761 1749 necesse
783 1704 865 1749 est
885 1713 999 1750 rem
1029 1697 1111 1751 sic
1131 1697 1446 1762 aestimare,
1489 1698 1752 1767 quoniam
1838 1725 1844 1729 ·

144 1762 415 1839 magister
431 1776 484 1823 et
502 1769 716 1825 auditor
736 1770 949 1825 ibidem
971 1770 1135 1827 fiunt:
1177 1789 1414 1843 quorum
1433 1789 1579 1827 unus
1599 1789 1752 1827 seor-

144 1859 279 1898 sum
303 1842 544 1914 loquitur
564 1862 691 1899 cum
712 1845 989 1918 discipulo
1003 1887 1015 1911 ‚
1060 1848 1204 1903 nihil
1224 1846 1459 1922 tegendo
1480 1864 1660 1920 neque
1682 1864 1753 1902 ex
1830 1868 1835 1876 ·

143 1916 321 1973 rebus
348 1919 815 1984 inenarrabilibus
833 1962 845 1985 ‚
899 1921 1036 1975 alter
1063 1930 1246 1977 autem
1273 1924 1539 1995 percipit,
1589 1940 1751 1995 prae-

143 2001 304 2053 stans
327 2009 392 2054 se
410 1994 656 2066 ,dignum
684 1995 877 2051 divina
905 1996 1199 2053 traditione
1229 1998 1371 2071 legis
1408 1998 1751 2066 voluntariae

141 2067 645 2142 observantemque
666 2088 850 2125 rerum
865 2113 878 2136 ,
921 2086 1061 2142 quas
1090 2090 1198 2129 non
1225 2073 1428 2130 licebat
1447 2074 1507 2128 in
1526 2074 1745 2136 multos,

144 2151 454 2216 utcumque
475 2146 841 2219 contingeret,
871 2145 1095 2202 referre.

219 2301 321 2353 Cur
354 2302 502 2365 illum,
561 2305 644 2368 qui
672 2304 722 2355 in
757 2314 941 2355 cratere
977 2281 1104 2368 erat,
1150 2307 1425 2371 sanquinem
1457 2316 1683 2372 sumptum

449 2374 752 2437 resperqebat
787 2374 919 2427 circa
943 2373 1206 2438 populum?
1251 2379 1356 2439 (24,
1378 2375 1454 2437 8.)

261 2484 350 2538 35.
392 2481 724 2555 Significans
745 2483 983 2539 eundem
1001 2501 1124 2539 esse
1142 2486 1469 2557 sanguinem
1492 2482 1754 2537 eandem-

142 2574 258 2629 que
289 2559 699 2631 cognationem,
745 2559 1031 2614 ostendere
1069 2558 1192 2615 vult
1228 2556 1631 2631 quodammodo
1661 2573 1753 2610 eos

144 2634 422 2687 animatos
452 2631 626 2688 fuisse
654 2651 762 2688 una
796 2633 1101 2705 eademque
1127 2634 1256 2689 idea
1282 2650 1345 2687 ac
1363 2640 1581 2686 natura:
1627 2647 1755 2684 nam

147 2706 225 2783 [³¹⁵]
261 2708 594 2780 sanguinem
622 2709 900 2764 multoties
928 2710 1088 2779 ponit
1111 2726 1212 2780 pro
1240 2709 1442 2762 anima.
1522 2704 1680 2771 Quod
1704 2706 1752 2757 si

142 2799 378 2855 corpore
406 2782 644 2838 seiuncti
681 2785 795 2839 sint
829 2799 1052 2855 quoque
1092 2800 1123 2837 a
1151 2799 1212 2837 se
1240 2782 1511 2843 invicem,
1560 2778 1754 2833 saltem

142 2875 249 2929 per
287 2856 520 2912 consilia
559 2861 758 2913 mentis
793 2860 982 2917 unitae
1007 2856 1341 2930 participent
1378 2855 1600 2909 divinas
1638 2862 1755 2907 tum
