2050 3100
180 165 210 218 tt
309 169 497 214 PHIL.1U1).
515 167 744 226 Quaenam
768 166 846 212 son.
870 161 983 228 [ntae]

178 284 213 338 iis
228 283 347 353 quisque
362 283 391 336 in
406 297 521 362 genere,
544 297 624 336 nemo
639 288 730 335 autem
745 279 817 334 liber
831 280 980 352 reperitur,

178 357 227 412 sed
238 356 320 411 habet
329 356 456 411 dominos
466 356 616 427 plurimos,
631 355 681 426 qui
691 363 793 410 vexant
803 362 830 409 et
840 353 979 428 affligunt,

177 442 237 486 tum
247 439 337 495 extra,
352 440 412 486 tum
422 432 498 486 intus
512 431 543 484 in
557 448 600 485 se:
629 437 720 493 extra,
743 430 863 484 hiemem
877 430 982 502 frigore

179 506 358 570 afficientem,
380 514 510 561 aestatem
525 513 602 560 aestu
622 504 841 568 comburentem,
865 501 978 569 famem,

178 582 255 635 sitim
268 581 425 652 multasque
440 580 508 635 alias
524 580 705 646 calamitatem
735 580 810 633 intus
826 587 915 633 autern
930 597 983 633 vo-

180 655 312 726 luptates,
325 655 577 726 concupiscentias,
589 669 740 718 moerores,
752 655 874 708 timores.
914 653 983 708 Ser-

181 729 277 784 vitudo
291 747 356 785 vero
369 730 580 803 quadringentis
596 729 676 782 annis
690 727 901 792 determinatur,
923 729 981 782 iam
1011 745 1012 766 ³

179 803 263 858 dictis
274 803 474 876 cupiditatibus
485 803 705 877 insurgentibus.
737 801 922 869 Quamobrem
932 819 983 858 su-

179 880 274 950 perius
284 879 390 934 dictum
404 879 469 944 fuit,
491 879 567 951 quod
577 879 708 933 Abrabam
721 882 850 932 transiens
859 881 925 932 sedit
935 895 982 932 se-

176 972 226 1022 per
239 957 300 1017 trra,
319 953 499 1026 impediendo
517 961 544 1010 et
560 952 719 1024 repellendo
738 952 903 1009 verbotenus
920 969 982 1006 car-

179 1029 276 1084 nivora
290 1029 337 1084 illa
353 1029 490 1094 volatilia,
511 1045 584 1100 quae
598 1027 729 1084 volabant
748 1043 831 1098 super
851 1027 981 1081 animatia

179 1103 332 1176 discerpta,
344 1121 429 1176 opere
439 1121 506 1159 vero
517 1099 679 1180 afflictiones
690 1103 916 1174 supervenientes
930 1101 982 1156 ho-

179 1179 315 1234 minibus.
352 1179 490 1246 Quoniam
504 1188 564 1234 tum
579 1196 614 1232 ex
627 1177 738 1248 propria
754 1185 848 1232 natura
867 1185 979 1240 amator,

178 1263 239 1308 tum
248 1253 399 1327 diligenter
408 1255 550 1310 studiosus
560 1253 681 1318 virtutis,
694 1251 912 1306 humanissimus
922 1269 982 1305 rne-

180 1328 261 1382 dious
280 1337 323 1383 est
337 1331 446 1400 generis
461 1329 547 1384 nostri
562 1336 589 1382 et
603 1343 668 1384 vere
682 1335 790 1382 curator
804 1343 835 1380 ac
849 1326 915 1380 mali
931 1343 982 1380 ex-

180 1402 289 1472 pulsor3
322 1401 391 1456 haec
410 1405 485 1457 enim
502 1403 595 1457 omnia
615 1402 762 1474 allegorice
782 1403 901 1458 animani
916 1418 982 1472 spe-

181 1483 264 1529 ctant.
294 1476 364 1529 Nam
374 1478 507 1547 sapientis
519 1479 609 1531 anima
620 1476 686 1531 dum
697 1477 816 1548 desuper
826 1475 860 1530 ab
872 1476 982 1530 aethere

181 1550 211 1603 in
224 1550 367 1604 mortalem
383 1551 534 1606 adveniens
549 1552 721 1625 ingrediatur
735 1561 761 1607 et
780 1552 932 1606 seminetur
952 1553 982 1605 in

180 1640 278 1695 campo
291 1626 427 1695 corporis,
448 1627 583 1680 veraciter
597 1627 788 1699 peregrinatur
802 1628 831 1681 in
845 1634 916 1681 terra
927 1643 982 1681 non

181 1715 245 1752 sua:
271 1699 498 1770 quandoquidem
511 1708 619 1755 terrena
634 1702 754 1772 corporis
769 1710 865 1756 natura
883 1701 917 1755 ab
937 1702 983 1754 in-

182 1773 294 1828 tellectu
307 1791 377 1845 puro
396 1791 509 1845 prorsus
530 1776 620 1831 aliena
639 1784 681 1830 est
698 1784 725 1830 et
744 1776 877 1849 subigens
890 1776 982 1837 ,iilum

182 1846 311 1901 deorsum
320 1849 350 1902 in
360 1850 536 1915 servitutem,
556 1867 665 1905 omnem
676 1848 851 1907 afflictionem
864 1850 908 1905 illi
918 1849 980 1915 fert,

182 1921 269 1977 donec
287 1923 407 1978 salvator
425 1925 612 1995 captivantem
627 1926 757 1981 vitiorum
771 1934 880 1999 gentem
898 1922 934 1999 [Ἴ
952 1926 982 1979 ia

181 1996 319 2052 iudicium
328 1998 470 2054 adducens
480 2000 656 2069 condemnet;
682 2002 723 2055 sic
734 2002 808 2055 enim
823 2002 852 2055 in
868 2000 984 2056 liberta-

182 2079 238 2125 tem
256 2071 388 2145 deinceps
408 2074 544 2149 redditur.
584 2074 673 2141 Quare
693 2075 813 2130 inducit:
847 2077 983 2130 Verumta-

181 2163 239 2199 men
251 2156 362 2216 pontem,
382 2154 648 2213 unicornuorum,
667 2168 712 2219 epo
727 2154 861 2218 aratam,-
887 2159 984 2216 etpost

180 2224 244 2275 boec
254 2227 915 2293 egredienturbuccummapnosubstontiofflen.15,
923 2228 966 2287 14)
973 2244 983 2290 ,-

182 2294 278 2349 eadem
292 2299 426 2353 nimirum
440 2317 569 2355 mensura
580 2307 607 2353 et
616 2299 707 2355 adhue
715 2300 830 2355 melius:
841 2300 920 2370 .quia
932 2298 985 2352 ab·

180 2370 299 2427 solvitur
308 2390 386 2427 mens
397 2391 432 2429 ex
442 2375 515 2430 malo
525 2374 630 2445 collega
642 2391 768 2445 corpore,
783 2373 929 2446 egrediens
942 2380 984 2427 at-

180 2461 235 2515 que
248 2447 396 2502 translatus
410 2465 465 2502 non
478 2450 569 2503 solum
583 2449 683 2513 libere,
709 2466 806 2503 verum
820 2448 902 2503 etiam
916 2464 983 2501 cum

180 2521 348 2585 substantia,
369 2524 407 2577 ita
417 2531 448 2576 ut
457 2524 529 2578 nihil
540 2524 605 2577 boni
616 2531 663 2578 aut
673 2523 743 2578 utile
753 2524 891 2593 relinquat
907 2521 982 2592 apud

181 2593 273 2650 hostes
283 2613 358 2650 suos.
398 2595 531 2662 Quoniam
545 2597 623 2651 ierax
635 2598 749 2667 quidem
763 2606 804 2651 est
817 2597 907 2651 omnis
920 2597 984 2649 ani-

181 2685 226 2722 ma
240 2670 394 2726 rationalis:
425 2688 523 2728 verum
536 2672 585 2743 qui
600 2688 630 2725 se
643 2679 721 2743 putat
735 2678 865 2727 onustum
879 2687 911 2725 ac
923 2672 984 2725 vir-
