2050 3100
163 158 195 209 84
284 160 381 205 enm.
397 158 476 229 ⁴run.
496 152 658 214 Quanam
676 153 725 198 nu
745 152 824 198 son.
844 146 888 211 [11,
899 136 971 213 aaa]

167 311 231 369 Qutct
248 319 282 359 est
303 308 398 373 „Dicit
416 316 492 357 autem
510 305 630 355 dominns:
653 302 749 353 Glamer
766 300 928 351 Sodomorum
946 314 973 353 et

233 374 447 427 Gomara-haecum
463 372 631 437 multiptlicatns
648 380 697 433 est,
724 379 748 419 et
762 376 867 434 peecata
881 385 973 420 eorum

230 441 397 509 mopnavalde
406 444 440 491 “t
458 443 512 507 (18,
523 442 578 500 20.)

210 550 263 603 23.
288 546 347 601 Duo
366 554 430 613 sunt
449 544 553 615 capita,
578 542 731 612 inquibus
751 538 890 611 legislatio
909 546 972 595 tota

163 629 322 693 occupatur,
336 620 441 675 malitia
450 626 477 674 et
486 618 604 673 iustitia.
623 617 771 687 Postquam
783 614 879 686 itaque
888 622 972 669 retu-

165 699 243 753 lisset
253 696 288 751 de
297 696 400 769 virtute
410 693 500 765 deque
509 692 590 764 probi
601 692 700 756 animi,
719 690 769 762 qui
783 689 832 759 iila
847 688 972 744 adorna-

164 783 222 836 tur‚
238 771 379 843 exemplo,
394 768 556 825 transfertur
565 768 595 822 in
606 767 722 822 alterum
732 780 820 840 genus
830 764 968 829 malitiae,

165 857 192 903 et
204 850 234 901 in
249 848 406 902 inventores
423 844 483 899 eius
498 841 636 897 studiosos
651 849 678 897 et
690 842 720 895 in
730 848 880 912 patratores
891 840 969 894 eius.

164 922 270 979 Fidelis
286 931 376 976 autem
395 928 437 975 est
450 916 578 973 sacerdos
596 917 681 989 super
694 917 810 974 istorum
826 915 970 969 insaniam

164 998 227 1061 ille,
249 998 298 1068 qui
309 1014 373 1053 vere
382 996 472 1050 iustus
483 1001 538 1048 est:
559 992 972 1055 universorumverocnmmu-

165 1074 210 1128 nis
224 1064 405 1127 manudietor
419 1070 502 1134 deus,
524 1069 604 1122 cuius
618 1066 739 1123 tribunal
757 1066 845 1120 nescit
861 1064 971 1118 donum

64 1186 68 1201 ,
166 1166 198 1205 ae
217 1147 422 1220 deceptionem,
451 1144 500 1216 sed
520 1150 626 1199 tantum
645 1142 759 1214 plenum
779 1148 820 1195 est
838 1140 969 1204 veritate,

165 1241 286 1297 quacum
298 1224 375 1292 nulla
388 1220 557 1277 mendacitas
576 1225 618 1272 est
631 1218 729 1271 mixta.
771 1217 972 1289 Interpretatur

166 1309 258 1355 autem
276 1299 384 1355 Sodom:
413 1301 526 1352 caecitas
539 1293 584 1350 vel
603 1296 741 1355 sterilitas,
765 1307 837 1362 quae
854 1291 971 1345 nomina

165 1383 231 1429 sunt
247 1374 399 1445 impietatis
419 1379 447 1425 et
464 1368 654 1440 insipientiae3
681 1382 745 1420 nam
763 1382 861 1421 caecus
879 1374 923 1421 est
943 1375 973 1420 et

166 1447 269 1501 sterilis
288 1448 391 1501 virtute
409 1446 498 1500 omnis
517 1444 568 1514 qui
585 1443 675 1514 turpis
688 1442 762 1498 vitae
778 1450 831 1496 est.
871 1440 973 1495 Gomor

165 1537 245 1576 vero:
257 1524 402 1583 ,metatam
419 1534 490 1590 quae
504 1534 570 1573 vera
579 1518 709 1590 iustaque
720 1516 900 1589 supponitur:
926 1517 972 1571 uti

167 1603 209 1650 est
223 1593 340 1649 verbum
354 1593 496 1657 divinum,
518 1608 574 1664 quo
588 1590 622 1664 (s.
634 1593 690 1667 cui)
705 1593 797 1648 omnia
812 1600 973 1646 mensurata

169 1667 206 1744 [⁴¹⁶]
219 1676 283 1723 sunt
293 1685 325 1722 aa
335 1675 542 1732 mensurantur,
556 1683 628 1738 quae
637 1669 668 1723 in
677 1675 750 1722 terra
758 1664 836 1732 sunt,
851 1667 971 1731 ratione,

80 1766 89 1785 ·
167 1759 282 1799 numero
295 1751 322 1797 et
332 1742 477 1798 collatione
491 1743 521 1796 in
534 1742 707 1797 harmoniam
722 1751 749 1797 et
762 1743 973 1797 consonantiam

168 1817 379 1890 comprehensa,
394 1817 543 1889 exquibus
553 1818 660 1889 speeies
671 1825 698 1872 et
708 1834 852 1872 mensurae
863 1817 974 1871 entium

169 1900 327 1947 cernuntur.
372 1892 505 1948 Malorum
524 1909 590 1947 vero
609 1909 738 1947 mensura
757 1893 909 1964 impropria
929 1901 974 1947 est

148 1988 149 1998 ¹
169 1968 372 2030 falsnnomine,
393 1967 542 2023 immodica
557 1975 639 2039 atque
654 1967 874 2034 condemnendag
897 1967 972 2021 nihii

169 2044 244 2096 enim
258 2049 446 2098 mensuratum
460 2050 502 2098 est
515 2051 561 2097 ant
573 2050 746 2097 numeratum
758 2051 804 2098 aut
812 2041 974 2097 ordinatum

170 2118 244 2190 apud
257 2118 373 2181 malum,
395 2117 622 2190 quandoquidem
635 2118 749 2189 plenum
765 2125 807 2172 est
819 2118 896 2172 omni
910 2116 971 2189 (vei

169 2193 263 2267 omne)
276 2192 444 2256 absurditate
457 2201 484 2248 et
496 2193 732 2257 immoderatione.

173 2350 221 2400 Cur
237 2351 299 2401 velati
316 2351 384 2400 domo
403 2351 519 2416 loquitar,
546 2351 641 2401 dicens:
667 2350 844 2414 „Descendens
863 2367 921 2415 erqo
939 2345 972 2398 vi-

231 2417 309 2482 debo,
328 2419 488 2469 sisenandum
503 2418 719 2468 cananaeorum
735 2419 778 2483 qai
791 2418 856 2468 venit
873 2417 909 2466 ad
927 2435 971 2479 me,

239 2496 381 2551 operantum
399 2487 524 2537 meantem
535 2503 593 2549 nen,
611 2486 762 2535 ctsciam“t
779 2487 833 2550 (18,
844 2485 899 2550 21.)
924 2539 930 2548 ,

227 2609 270 2662 24.
291 2603 414 2661 Proiecto
428 2622 509 2661 verae
524 2593 726 2660 humiliationis
742 2613 769 2658 et
778 2605 975 2659 conniventiae

171 2681 249 2734 iuxta
269 2689 388 2734 nostram
412 2690 538 2736 naturam
560 2677 644 2732 dictio
667 2677 735 2732 haec
756 2688 811 2743 est,
840 2680 974 2751 quoniam
