<?xml version="1.0" encoding="UTF-8"?>
<!DOCTYPE html PUBLIC "-//W3C//DTD XHTML 1.0 Transitional//EN"
    "http://www.w3.org/TR/xhtml1/DTD/xhtml1-transitional.dtd">
<html xmlns="http://www.w3.org/1999/xhtml" xml:lang="en" lang="en">
 <head>
  <title>
</title>
<meta http-equiv="Content-Type" content="text/html;charset=utf-8" />
  <meta name='ocr-system' content='tesseract 3.04.00' />
  <meta name='ocr-capabilities' content='ocr_page ocr_carea ocr_par ocr_line ocrx_word'/>
</head>
<body>
  <div class='ocr_page' id='page_1' title='image "./operaomniaadlib02philgoog/operaomniaadlib02philgoog_0467.png"; bbox 0 0 2050 3100; ppageno 0'>
   <div class='ocr_carea' id='block_1_1' title="bbox 167 130 944 202">
    <p class='ocr_par' dir='ltr' id='par_1_1' title="bbox 167 130 944 202">
     <span class='ocr_line' id='line_1_1' title="bbox 167 130 944 202; baseline -0.017 -7"><span class='ocrx_word' id='word_1_1' title='bbox 167 142 219 197; x_wconf 67' lang='grc'><strong>452</strong></span> <span class='ocrx_word' id='word_1_2' title='bbox 318 146 436 191; x_wconf 85' lang='lat' dir='ltr'>PHILO</span> <span class='ocrx_word' id='word_1_3' title='bbox 455 144 625 191; x_wconf 77' lang='lat' dir='ltr'>IUDAEUS</span> <span class='ocrx_word' id='word_1_4' title='bbox 642 144 692 189; x_wconf 87' lang='lat' dir='ltr'><strong>DE</strong></span> <span class='ocrx_word' id='word_1_5' title='bbox 711 142 811 188; x_wconf 75' lang='lat' dir='ltr'><strong>touta.</strong></span> <span class='ocrx_word' id='word_1_6' title='bbox 848 130 944 202; x_wconf 69' lang='lat' dir='ltr'><strong>[utu]</strong></span> 
     </span>
    </p>
   </div>
   <div class='ocr_carea' id='block_1_2' title="bbox 167 243 955 2038">
    <p class='ocr_par' dir='ltr' id='par_1_2' title="bbox 167 243 945 393">
     <span class='ocr_line' id='line_1_2' title="bbox 167 243 945 313; baseline -0.01 -11"><span class='ocrx_word' id='word_1_7' title='bbox 167 248 236 302; x_wconf 90' lang='lat' dir='ltr'><strong>haec</strong></span> <span class='ocrx_word' id='word_1_8' title='bbox 255 244 379 301; x_wconf 77' lang='lat' dir='ltr'><strong>faciunt?</strong></span> <span class='ocrx_word' id='word_1_9' title='bbox 405 246 541 313; x_wconf 80' lang='lat' dir='ltr'><strong>Quoniam</strong></span> <span class='ocrx_word' id='word_1_10' title='bbox 560 246 700 307; x_wconf 84' lang='lat' dir='ltr'><strong>nituntur,</strong></span> <span class='ocrx_word' id='word_1_11' title='bbox 729 262 764 298; x_wconf 90' lang='lat' dir='ltr'><strong>ne</strong></span> <span class='ocrx_word' id='word_1_12' title='bbox 781 243 878 297; x_wconf 60' lang='lat' dir='ltr'><strong>frutra</strong></span> <span class='ocrx_word' id='word_1_13' title='bbox 896 255 945 293; x_wconf 87' lang='lat' dir='ltr'><strong>ease</strong></span> 
     </span>
     <span class='ocr_line' id='line_1_3' title="bbox 167 322 567 393; baseline 0 -18"><span class='ocrx_word' id='word_1_14' title='bbox 167 328 332 377; x_wconf 81' lang='lat' dir='ltr'><strong>monstretur</strong></span> <span class='ocrx_word' id='word_1_15' title='bbox 342 322 420 376; x_wconf 89' lang='lat' dir='ltr'><strong>labor</strong></span> <span class='ocrx_word' id='word_1_16' title='bbox 432 322 567 393; x_wconf 85' lang='lat' dir='ltr'><strong>ipsorum.</strong></span> 
     </span>
    </p>

    <p class='ocr_par' dir='ltr' id='par_1_3' title="bbox 167 386 955 2038">
     <span class='ocr_line' id='line_1_4' title="bbox 192 386 947 469; baseline -0.009 -20"><span class='ocrx_word' id='word_1_17' title='bbox 192 408 194 411; x_wconf 88' lang='grc'><strong><em>·</em></strong></span> <span class='ocrx_word' id='word_1_18' title='bbox 222 399 265 451; x_wconf 73' lang='lat'><strong>52.</strong></span> <span class='ocrx_word' id='word_1_19' title='bbox 298 395 420 461; x_wconf 85' lang='lat' dir='ltr'><strong>Quodsi</strong></span> <span class='ocrx_word' id='word_1_20' title='bbox 440 414 505 469; x_wconf 83' lang='lat' dir='ltr'><strong>ergo</strong></span> <span class='ocrx_word' id='word_1_21' title='bbox 525 396 659 469; x_wconf 82' lang='lat' dir='ltr'><strong>agriculae</strong></span> <span class='ocrx_word' id='word_1_22' title='bbox 678 410 743 449; x_wconf 90' lang='lat' dir='ltr'><strong>auos</strong></span> <span class='ocrx_word' id='word_1_23' title='bbox 764 393 870 448; x_wconf 88' lang='lat' dir='ltr'><strong>labores</strong></span> <span class='ocrx_word' id='word_1_24' title='bbox 886 386 947 445; x_wconf 82' lang='lat' dir='ltr'><strong>baud</strong></span> 
     </span>
     <span class='ocr_line' id='line_1_5' title="bbox 168 464 948 544; baseline -0.008 -19"><span class='ocrx_word' id='word_1_25' title='bbox 168 472 428 543; x_wconf 72' lang='lat' dir='ltr'>praetermittentes,</span> <span class='ocrx_word' id='word_1_26' title='bbox 445 473 567 544; x_wconf 73' lang='lat' dir='ltr'><strong>integros</strong></span> <span class='ocrx_word' id='word_1_27' title='bbox 577 478 700 533; x_wconf 85' lang='lat' dir='ltr'><strong>servant,</strong></span> <span class='ocrx_word' id='word_1_28' title='bbox 711 486 762 541; x_wconf 80' lang='lat' dir='ltr'><strong>ego</strong></span> <span class='ocrx_word' id='word_1_29' title='bbox 772 468 901 541; x_wconf 70' lang='lat' dir='ltr'>neglectis</span> <span class='ocrx_word' id='word_1_30' title='bbox 908 464 948 517; x_wconf 89' lang='lat' dir='ltr'><strong>Ni·</strong></span> 
     </span>
     <span class='ocr_line' id='line_1_6' title="bbox 169 539 949 619; baseline -0.012 -18"><span class='ocrx_word' id='word_1_31' title='bbox 169 546 274 610; x_wconf 82' lang='lat' dir='ltr'><strong>nivitis,</strong></span> <span class='ocrx_word' id='word_1_32' title='bbox 288 544 440 619; x_wconf 76' lang='lat' dir='ltr'><strong>neglectam</strong></span> <span class='ocrx_word' id='word_1_33' title='bbox 451 546 608 601; x_wconf 83' lang='lat' dir='ltr'><strong>monstrabo</strong></span> <span class='ocrx_word' id='word_1_34' title='bbox 617 545 848 615; x_wconf 72' lang='lat' dir='ltr'><strong>praedicationem</strong></span> <span class='ocrx_word' id='word_1_35' title='bbox 857 539 949 597; x_wconf 84' lang='lat' dir='ltr'><strong>adillos</strong></span> 
     </span>
     <span class='ocr_line' id='line_1_7' title="bbox 168 619 949 691; baseline -0.01 -15"><span class='ocrx_word' id='word_1_36' title='bbox 168 619 321 676; x_wconf 77' lang='lat' dir='ltr'><strong>directam?</strong></span> <span class='ocrx_word' id='word_1_37' title='bbox 342 622 387 675; x_wconf 92' lang='lat' dir='ltr'><strong>llli</strong></span> <span class='ocrx_word' id='word_1_38' title='bbox 405 638 484 683; x_wconf 84' lang='lat' dir='ltr'><strong>vero,</strong></span> <span class='ocrx_word' id='word_1_39' title='bbox 505 623 555 691; x_wconf 89' lang='lat' dir='ltr'><strong>qui</strong></span> <span class='ocrx_word' id='word_1_40' title='bbox 570 621 638 675; x_wconf 82' lang='lat' dir='ltr'><strong>adeo</strong></span> <span class='ocrx_word' id='word_1_41' title='bbox 653 620 718 674; x_wconf 83' lang='lat' dir='ltr'><strong>boni</strong></span> <span class='ocrx_word' id='word_1_42' title='bbox 732 622 816 673; x_wconf 79' lang='lat' dir='ltr'><strong>moras</strong></span> <span class='ocrx_word' id='word_1_43' title='bbox 831 634 901 672; x_wconf 88' lang='lat' dir='ltr'><strong>nuno</strong></span> <span class='ocrx_word' id='word_1_44' title='bbox 913 631 949 667; x_wconf 78' lang='lat' dir='ltr'><strong>co</strong></span> 
     </span>
     <span class='ocr_line' id='line_1_8' title="bbox 167 694 947 767; baseline 0 -18"><span class='ocrx_word' id='word_1_45' title='bbox 167 698 242 767; x_wconf 92' lang='lat' dir='ltr'><strong>piam</strong></span> <span class='ocrx_word' id='word_1_46' title='bbox 263 695 496 759; x_wconf 68' lang='lat' dir='ltr'><strong>demonstrarunt,</strong></span> <span class='ocrx_word' id='word_1_47' title='bbox 527 704 673 750; x_wconf 78' lang='lat' dir='ltr'><strong>utrarum</strong></span> <span class='ocrx_word' id='word_1_48' title='bbox 692 695 772 749; x_wconf 87' lang='lat' dir='ltr'><strong>illum</strong></span> <span class='ocrx_word' id='word_1_49' title='bbox 790 694 947 749; x_wconf 81' lang='lat' dir='ltr'><strong>salvatorem,</strong></span> 
     </span>
     <span class='ocr_line' id='line_1_9' title="bbox 167 764 949 841; baseline -0.005 -18"><span class='ocrx_word' id='word_1_50' title='bbox 167 788 250 841; x_wconf 83' lang='lat' dir='ltr'><strong>quem</strong></span> <span class='ocrx_word' id='word_1_51' title='bbox 263 770 331 825; x_wconf 91' lang='lat' dir='ltr'><strong>olim</strong></span> <span class='ocrx_word' id='word_1_52' title='bbox 348 771 510 825; x_wconf 77' lang='lat' dir='ltr'><strong>recusabant</strong></span> <span class='ocrx_word' id='word_1_53' title='bbox 528 768 675 834; x_wconf 76' lang='lat' dir='ltr'><strong>bonomia,</strong></span> <span class='ocrx_word' id='word_1_54' title='bbox 703 768 903 841; x_wconf 86' lang='lat' dir='ltr'><strong>deperditorem</strong></span> <span class='ocrx_word' id='word_1_55' title='bbox 917 764 949 819; x_wconf 86' lang='lat' dir='ltr'><strong>ia·</strong></span> 
     </span>
     <span class='ocr_line' id='line_1_10' title="bbox 168 844 949 917; baseline -0.001 -19"><span class='ocrx_word' id='word_1_56' title='bbox 168 853 243 899; x_wconf 88' lang='lat' dir='ltr'><strong>otum</strong></span> <span class='ocrx_word' id='word_1_57' title='bbox 259 845 391 899; x_wconf 89' lang='lat' dir='ltr'><strong>honorare</strong></span> <span class='ocrx_word' id='word_1_58' title='bbox 406 846 558 908; x_wconf 87' lang='lat' dir='ltr'><strong>voluerint,</strong></span> <span class='ocrx_word' id='word_1_59' title='bbox 583 844 721 916; x_wconf 87' lang='lat' dir='ltr'><strong>quomodo</strong></span> <span class='ocrx_word' id='word_1_60' title='bbox 735 862 790 899; x_wconf 91' lang='lat' dir='ltr'><strong>nou</strong></span> <span class='ocrx_word' id='word_1_61' title='bbox 803 845 949 917; x_wconf 76' lang='lat' dir='ltr'><strong>mitigarunt</strong></span> 
     </span>
     <span class='ocr_line' id='line_1_11' title="bbox 167 914 949 984; baseline -0.008 -12"><span class='ocrx_word' id='word_1_62' title='bbox 167 919 269 973; x_wconf 88' lang='lat' dir='ltr'><strong>iudicis</strong></span> <span class='ocrx_word' id='word_1_63' title='bbox 281 922 443 975; x_wconf 90' lang='lat' dir='ltr'><strong>sententiam</strong></span> <span class='ocrx_word' id='word_1_64' title='bbox 453 920 597 984; x_wconf 87' lang='lat' dir='ltr'><strong>lethalem,</strong></span> <span class='ocrx_word' id='word_1_65' title='bbox 619 919 765 974; x_wconf 85' lang='lat' dir='ltr'><strong>salutarem</strong></span> <span class='ocrx_word' id='word_1_66' title='bbox 779 919 836 974; x_wconf 90' lang='lat' dir='ltr'><strong>sibi</strong></span> <span class='ocrx_word' id='word_1_67' title='bbox 851 914 949 973; x_wconf 88' lang='lat' dir='ltr'><strong>coneili-</strong></span> 
     </span>
     <span class='ocr_line' id='line_1_12' title="bbox 168 992 950 1069; baseline -0.008 -20"><span class='ocrx_word' id='word_1_68' title='bbox 168 992 262 1049; x_wconf 80' lang='lat' dir='ltr'><strong>autes?</strong></span> <span class='ocrx_word' id='word_1_69' title='bbox 280 994 338 1067; x_wconf 81' lang='lat' dir='ltr'><strong>Ego</strong></span> <span class='ocrx_word' id='word_1_70' title='bbox 353 996 426 1049; x_wconf 86' lang='lat' dir='ltr'><strong>enim</strong></span> <span class='ocrx_word' id='word_1_71' title='bbox 440 1005 507 1067; x_wconf 91' lang='lat' dir='ltr'><strong>puto</strong></span> <span class='ocrx_word' id='word_1_72' title='bbox 519 994 654 1067; x_wconf 84' lang='lat' dir='ltr'><strong>agricolae</strong></span> <span class='ocrx_word' id='word_1_73' title='bbox 666 992 703 1069; x_wconf 82' lang='lat'><strong>[*]</strong></span> <span class='ocrx_word' id='word_1_74' title='bbox 715 995 862 1049; x_wconf 88' lang='lat' dir='ltr'><strong>convenire</strong></span> <span class='ocrx_word' id='word_1_75' title='bbox 872 1006 950 1049; x_wconf 82' lang='lat' dir='ltr'><strong>exem</strong></span> 
     </span>
     <span class='ocr_line' id='line_1_13' title="bbox 168 1067 950 1143; baseline -0.006 -19"><span class='ocrx_word' id='word_1_76' title='bbox 168 1070 259 1142; x_wconf 89' lang='lat' dir='ltr'><strong>plum,</strong></span> <span class='ocrx_word' id='word_1_77' title='bbox 285 1076 317 1123; x_wconf 89' lang='lat' dir='ltr'><strong>ut</strong></span> <span class='ocrx_word' id='word_1_78' title='bbox 336 1086 370 1124; x_wconf 89' lang='lat' dir='ltr'><strong>ex</strong></span> <span class='ocrx_word' id='word_1_79' title='bbox 389 1068 485 1125; x_wconf 92' lang='lat' dir='ltr'><strong>eodem</strong></span> <span class='ocrx_word' id='word_1_80' title='bbox 500 1070 627 1143; x_wconf 65' lang='lat' dir='ltr'><strong>exemplo</strong></span> <span class='ocrx_word' id='word_1_81' title='bbox 644 1069 837 1141; x_wconf 85' lang='lat' dir='ltr'><strong>persuadeam.</strong></span> <span class='ocrx_word' id='word_1_82' title='bbox 875 1067 950 1135; x_wconf 80' lang='lat' dir='ltr'><strong>Quum</strong></span> 
     </span>
     <span class='ocr_line' id='line_1_14' title="bbox 167 1141 950 1217; baseline -0.003 -18"><span class='ocrx_word' id='word_1_83' title='bbox 167 1146 231 1217; x_wconf 90' lang='lat' dir='ltr'><strong>q&#39;uis</strong></span> <span class='ocrx_word' id='word_1_84' title='bbox 242 1147 270 1199; x_wconf 88' lang='lat' dir='ltr'><strong>in</strong></span> <span class='ocrx_word' id='word_1_85' title='bbox 281 1141 390 1209; x_wconf 84' lang='lat' dir='ltr'><strong>arbore,</strong></span> <span class='ocrx_word' id='word_1_86' title='bbox 411 1163 445 1199; x_wconf 86' lang='lat' dir='ltr'><strong>ex</strong></span> <span class='ocrx_word' id='word_1_87' title='bbox 455 1142 512 1217; x_wconf 77' lang='lat' dir='ltr'><strong>qua&#39;</strong></span> <span class='ocrx_word' id='word_1_88' title='bbox 521 1144 640 1199; x_wconf 71' lang='lat' dir='ltr'><strong>stactam</strong></span> <span class='ocrx_word' id='word_1_89' title='bbox 651 1145 841 1217; x_wconf 82' lang='lat' dir='ltr'><strong>exspectabat,</strong></span> <span class='ocrx_word' id='word_1_90' title='bbox 858 1144 905 1199; x_wconf 90' lang='lat' dir='ltr'><strong>sed</strong></span> <span class='ocrx_word' id='word_1_91' title='bbox 913 1155 950 1211; x_wconf 79' lang='lat' dir='ltr'><strong>spe</strong></span> 
     </span>
     <span class='ocr_line' id='line_1_15' title="bbox 168 1217 952 1289; baseline -0.006 -15"><span class='ocrx_word' id='word_1_92' title='bbox 168 1219 314 1275; x_wconf 80' lang='lat' dir='ltr'><strong>frustratus</strong></span> <span class='ocrx_word' id='word_1_93' title='bbox 329 1219 476 1275; x_wconf 81' lang='lat' dir='ltr'><strong>festinabat</strong></span> <span class='ocrx_word' id='word_1_94' title='bbox 496 1220 531 1274; x_wconf 91' lang='lat' dir='ltr'><strong>ad</strong></span> <span class='ocrx_word' id='word_1_95' title='bbox 552 1217 762 1284; x_wconf 88' lang='lat' dir='ltr'><strong>eradicandum,</strong></span> <span class='ocrx_word' id='word_1_96' title='bbox 785 1221 885 1275; x_wconf 85' lang='lat' dir='ltr'><strong>videns</strong></span> <span class='ocrx_word' id='word_1_97' title='bbox 900 1232 952 1289; x_wconf 76' lang='lat' dir='ltr'><strong>pro</strong></span> 
     </span>
     <span class='ocr_line' id='line_1_16' title="bbox 167 1289 951 1367; baseline 0 -18"><span class='ocrx_word' id='word_1_98' title='bbox 167 1304 325 1365; x_wconf 86' lang='lat' dir='ltr'><strong>rumpentes</strong></span> <span class='ocrx_word' id='word_1_99' title='bbox 336 1294 490 1349; x_wconf 81' lang='lat' dir='ltr'><strong>fructiferas</strong></span> <span class='ocrx_word' id='word_1_100' title='bbox 501 1294 625 1360; x_wconf 79' lang='lat' dir='ltr'><strong>frondes,</strong></span> <span class='ocrx_word' id='word_1_101' title='bbox 637 1303 749 1367; x_wconf 87' lang='lat' dir='ltr'><strong>propter</strong></span> <span class='ocrx_word' id='word_1_102' title='bbox 759 1294 866 1350; x_wconf 84' lang='lat' dir='ltr'><strong>fruetus</strong></span> <span class='ocrx_word' id='word_1_103' title='bbox 876 1289 951 1349; x_wconf 74' lang='lat' dir='ltr'><strong>arbori</strong></span> 
     </span>
     <span class='ocr_line' id='line_1_17' title="bbox 167 1368 951 1441; baseline -0.004 -18"><span class='ocrx_word' id='word_1_104' title='bbox 167 1379 286 1440; x_wconf 88' lang='lat' dir='ltr'><strong>praestat</strong></span> <span class='ocrx_word' id='word_1_105' title='bbox 300 1371 527 1426; x_wconf 87' lang='lat' dir='ltr'><strong>incolumitatem.</strong></span> <span class='ocrx_word' id='word_1_106' title='bbox 570 1372 631 1425; x_wconf 88' lang='lat' dir='ltr'><strong>lure</strong></span> <span class='ocrx_word' id='word_1_107' title='bbox 647 1372 812 1441; x_wconf 67' lang='lat' dir='ltr'><strong>meritoque,</strong></span> <span class='ocrx_word' id='word_1_108' title='bbox 836 1368 951 1441; x_wconf 86' lang='lat' dir='ltr'><strong>quoniam</strong></span> 
     </span>
     <span class='ocr_line' id='line_1_18' title="bbox 168 1443 952 1517; baseline -0.001 -20"><span class='ocrx_word' id='word_1_109' title='bbox 168 1446 192 1497; x_wconf 90' lang='lat' dir='ltr'><strong>si</strong></span> <span class='ocrx_word' id='word_1_110' title='bbox 202 1446 237 1498; x_wconf 93' lang='lat' dir='ltr'><strong>ob</strong></span> <span class='ocrx_word' id='word_1_111' title='bbox 249 1445 428 1499; x_wconf 88' lang='lat' dir='ltr'><strong>inutilitatem</strong></span> <span class='ocrx_word' id='word_1_112' title='bbox 436 1445 590 1500; x_wconf 86' lang='lat' dir='ltr'><strong>conciditur</strong></span> <span class='ocrx_word' id='word_1_113' title='bbox 603 1444 695 1510; x_wconf 86' lang='lat' dir='ltr'><strong>arbor,</strong></span> <span class='ocrx_word' id='word_1_114' title='bbox 714 1454 827 1517; x_wconf 86' lang='lat' dir='ltr'><strong>propter</strong></span> <span class='ocrx_word' id='word_1_115' title='bbox 841 1443 952 1499; x_wconf 81' lang='lat' dir='ltr'><strong>feracita-</strong></span> 
     </span>
     <span class='ocr_line' id='line_1_19' title="bbox 167 1518 952 1577; baseline -0.006 -5"><span class='ocrx_word' id='word_1_116' title='bbox 167 1527 222 1573; x_wconf 88' lang='lat' dir='ltr'><strong>tem</strong></span> <span class='ocrx_word' id='word_1_117' title='bbox 243 1529 378 1575; x_wconf 84' lang='lat' dir='ltr'><strong>servetur.</strong></span> <span class='ocrx_word' id='word_1_118' title='bbox 421 1520 505 1576; x_wconf 87' lang='lat' dir='ltr'><strong>Erant</strong></span> <span class='ocrx_word' id='word_1_119' title='bbox 524 1520 591 1576; x_wconf 89' lang='lat' dir='ltr'><strong>olim</strong></span> <span class='ocrx_word' id='word_1_120' title='bbox 610 1529 637 1576; x_wconf 92' lang='lat' dir='ltr'><strong>et</strong></span> <span class='ocrx_word' id='word_1_121' title='bbox 655 1519 796 1577; x_wconf 82' lang='lat' dir='ltr'><strong>Ninivitas</strong></span> <span class='ocrx_word' id='word_1_122' title='bbox 814 1518 952 1576; x_wconf 86' lang='lat' dir='ltr'><strong>infertiles:</strong></span> 
     </span>
     <span class='ocr_line' id='line_1_20' title="bbox 168 1592 954 1666; baseline 0 -21"><span class='ocrx_word' id='word_1_123' title='bbox 168 1592 340 1666; x_wconf 83' lang='lat' dir='ltr'><strong>denegabant</strong></span> <span class='ocrx_word' id='word_1_124' title='bbox 351 1595 468 1650; x_wconf 85' lang='lat' dir='ltr'><strong>fructum</strong></span> <span class='ocrx_word' id='word_1_125' title='bbox 475 1595 587 1651; x_wconf 87' lang='lat' dir='ltr'><strong>divinae</strong></span> <span class='ocrx_word' id='word_1_126' title='bbox 597 1597 728 1662; x_wconf 85' lang='lat' dir='ltr'><strong>iustitiae,</strong></span> <span class='ocrx_word' id='word_1_127' title='bbox 741 1606 767 1651; x_wconf 92' lang='lat' dir='ltr'><strong>et</strong></span> <span class='ocrx_word' id='word_1_128' title='bbox 777 1597 905 1651; x_wconf 86' lang='lat' dir='ltr'><strong>creatoris</strong></span> <span class='ocrx_word' id='word_1_129' title='bbox 915 1594 954 1646; x_wconf 81' lang='lat' dir='ltr'><strong>he</strong></span> 
     </span>
     <span class='ocr_line' id='line_1_21' title="bbox 167 1667 955 1741; baseline 0.005 -19"><span class='ocrx_word' id='word_1_130' title='bbox 167 1685 261 1723; x_wconf 88' lang='lat' dir='ltr'><strong>norem</strong></span> <span class='ocrx_word' id='word_1_131' title='bbox 276 1671 407 1725; x_wconf 88' lang='lat' dir='ltr'><strong>creaturis</strong></span> <span class='ocrx_word' id='word_1_132' title='bbox 422 1669 584 1741; x_wconf 79' lang='lat' dir='ltr'><strong>offerebant3</strong></span> <span class='ocrx_word' id='word_1_133' title='bbox 605 1689 680 1728; x_wconf 86' lang='lat' dir='ltr'><strong>nunc</strong></span> <span class='ocrx_word' id='word_1_134' title='bbox 695 1688 761 1727; x_wconf 91' lang='lat' dir='ltr'><strong>vero</strong></span> <span class='ocrx_word' id='word_1_135' title='bbox 772 1689 864 1727; x_wconf 88' lang='lat' dir='ltr'><strong>noune</strong></span> <span class='ocrx_word' id='word_1_136' title='bbox 879 1667 955 1740; x_wconf 76' lang='lat' dir='ltr'><strong>frugi-</strong></span> 
     </span>
     <span class='ocr_line' id='line_1_22' title="bbox 167 1743 954 1820; baseline -0.004 -25"><span class='ocrx_word' id='word_1_137' title='bbox 167 1743 220 1796; x_wconf 91' lang='lat' dir='ltr'><strong>bus</strong></span> <span class='ocrx_word' id='word_1_138' title='bbox 236 1743 305 1813; x_wconf 91' lang='lat' dir='ltr'><strong>ipsis</strong></span> <span class='ocrx_word' id='word_1_139' title='bbox 320 1747 421 1816; x_wconf 78' lang='lat' dir='ltr'><strong>gratias</strong></span> <span class='ocrx_word' id='word_1_140' title='bbox 440 1747 522 1820; x_wconf 80' lang='lat' dir='ltr'><strong>(mili)</strong></span> <span class='ocrx_word' id='word_1_141' title='bbox 532 1744 679 1802; x_wconf 73' lang='lat' dir='ltr'><strong>referunt?</strong></span> <span class='ocrx_word' id='word_1_142' title='bbox 699 1763 790 1819; x_wconf 90' lang='lat' dir='ltr'><strong>neque</strong></span> <span class='ocrx_word' id='word_1_143' title='bbox 808 1744 954 1802; x_wconf 80' lang='lat' dir='ltr'><strong>foventibus</strong></span> 
     </span>
     <span class='ocr_line' id='line_1_23' title="bbox 168 1817 955 1895; baseline 0.003 -24"><span class='ocrx_word' id='word_1_144' title='bbox 168 1818 310 1872; x_wconf 89' lang='lat' dir='ltr'><strong>elementis</strong></span> <span class='ocrx_word' id='word_1_145' title='bbox 325 1817 447 1874; x_wconf 84' lang='lat' dir='ltr'><strong>officium</strong></span> <span class='ocrx_word' id='word_1_146' title='bbox 461 1831 613 1892; x_wconf 84' lang='lat' dir='ltr'><strong>praestant,</strong></span> <span class='ocrx_word' id='word_1_147' title='bbox 629 1823 678 1877; x_wconf 89' lang='lat' dir='ltr'><strong>sed</strong></span> <span class='ocrx_word' id='word_1_148' title='bbox 693 1839 742 1895; x_wconf 91' lang='lat' dir='ltr'><strong>pro</strong></span> <span class='ocrx_word' id='word_1_149' title='bbox 757 1819 894 1876; x_wconf 63' lang='lat' dir='ltr'><strong>trudibus</strong></span> <span class='ocrx_word' id='word_1_150' title='bbox 906 1819 955 1873; x_wconf 79' lang='lat' dir='ltr'><strong>tru-</strong></span> 
     </span>
     <span class='ocr_line' id='line_1_24' title="bbox 168 1891 955 1968; baseline 0 -23"><span class='ocrx_word' id='word_1_151' title='bbox 168 1901 261 1946; x_wconf 88' lang='lat' dir='ltr'><strong>etuum</strong></span> <span class='ocrx_word' id='word_1_152' title='bbox 282 1893 437 1966; x_wconf 76' lang='lat' dir='ltr'><strong>largitorem</strong></span> <span class='ocrx_word' id='word_1_153' title='bbox 461 1897 593 1953; x_wconf 88' lang='lat' dir='ltr'><strong>honorare</strong></span> <span class='ocrx_word' id='word_1_154' title='bbox 612 1898 731 1953; x_wconf 81' lang='lat' dir='ltr'><strong>fatentur</strong></span> <span class='ocrx_word' id='word_1_155' title='bbox 750 1904 776 1952; x_wconf 91' lang='lat' dir='ltr'><strong>et</strong></span> <span class='ocrx_word' id='word_1_156' title='bbox 794 1913 843 1968; x_wconf 90' lang='lat' dir='ltr'><strong>pro</strong></span> <span class='ocrx_word' id='word_1_157' title='bbox 862 1891 955 1950; x_wconf 86' lang='lat' dir='ltr'><strong>mundo</strong></span> 
     </span>
     <span class='ocr_line' id='line_1_25' title="bbox 167 1965 667 2038; baseline 0.012 -18"><span class='ocrx_word' id='word_1_158' title='bbox 167 1965 293 2038; x_wconf 81' lang='lat' dir='ltr'><strong>opificem</strong></span> <span class='ocrx_word' id='word_1_159' title='bbox 304 1969 473 2026; x_wconf 88' lang='lat' dir='ltr'><strong>adoraudum</strong></span> <span class='ocrx_word' id='word_1_160' title='bbox 486 1971 667 2028; x_wconf 75' lang='lat' dir='ltr'><strong>admiserunt.</strong></span> 
     </span>
    </p>
   </div>
   <div class='ocr_carea' id='block_1_3' title="bbox 167 2057 991 2656">
    <p class='ocr_par' dir='ltr' id='par_1_4' title="bbox 167 2057 991 2656">
     <span class='ocr_line' id='line_1_26' title="bbox 223 2057 956 2136; baseline -0.003 -22"><span class='ocrx_word' id='word_1_161' title='bbox 223 2063 266 2114; x_wconf 82' lang='lat'><strong>53.</strong></span> <span class='ocrx_word' id='word_1_162' title='bbox 288 2057 428 2127; x_wconf 87' lang='lat' dir='ltr'><strong>Quomodo</strong></span> <span class='ocrx_word' id='word_1_163' title='bbox 440 2081 503 2136; x_wconf 80' lang='lat' dir='ltr'><strong>ergo</strong></span> <span class='ocrx_word' id='word_1_164' title='bbox 513 2065 582 2129; x_wconf 90' lang='lat' dir='ltr'><strong>illis,</strong></span> <span class='ocrx_word' id='word_1_165' title='bbox 594 2065 643 2136; x_wconf 89' lang='lat' dir='ltr'><strong>qui</strong></span> <span class='ocrx_word' id='word_1_166' title='bbox 654 2071 793 2119; x_wconf 88' lang='lat' dir='ltr'><strong>mutarunt</strong></span> <span class='ocrx_word' id='word_1_167' title='bbox 802 2078 901 2125; x_wconf 90' lang='lat' dir='ltr'><strong>mores,</strong></span> <span class='ocrx_word' id='word_1_168' title='bbox 911 2061 956 2113; x_wconf 91' lang='lat' dir='ltr'><strong>im-</strong></span> 
     </span>
     <span class='ocr_line' id='line_1_27' title="bbox 168 2135 956 2211; baseline -0.003 -23"><span class='ocrx_word' id='word_1_169' title='bbox 168 2135 331 2192; x_wconf 89' lang='lat' dir='ltr'><strong>mutabilem</strong></span> <span class='ocrx_word' id='word_1_170' title='bbox 342 2141 504 2194; x_wconf 90' lang='lat' dir='ltr'><strong>senteutiam</strong></span> <span class='ocrx_word' id='word_1_171' title='bbox 516 2137 728 2211; x_wconf 87' lang='lat' dir='ltr'><strong>praedicationis</strong></span> <span class='ocrx_word' id='word_1_172' title='bbox 734 2137 956 2193; x_wconf 84' lang='lat' dir='ltr'><strong>mortiferamser-</strong></span> 
     </span>
     <span class='ocr_line' id='line_1_28' title="bbox 167 2209 956 2286; baseline -0.004 -22"><span class='ocrx_word' id='word_1_173' title='bbox 167 2209 257 2266; x_wconf 79' lang='lat' dir='ltr'><strong>vabo‘?</strong></span> <span class='ocrx_word' id='word_1_174' title='bbox 279 2212 310 2267; x_wconf 88' lang='lat' dir='ltr'><strong>Si</strong></span> <span class='ocrx_word' id='word_1_175' title='bbox 325 2214 398 2268; x_wconf 90' lang='lat' dir='ltr'><strong>enim</strong></span> <span class='ocrx_word' id='word_1_176' title='bbox 412 2222 523 2285; x_wconf 89' lang='lat' dir='ltr'><strong>propter</strong></span> <span class='ocrx_word' id='word_1_177' title='bbox 538 2216 652 2286; x_wconf 92' lang='lat' dir='ltr'><strong>impiam</strong></span> <span class='ocrx_word' id='word_1_178' title='bbox 668 2214 900 2269; x_wconf 84' lang='lat' dir='ltr'><strong>conversationem</strong></span> <span class='ocrx_word' id='word_1_179' title='bbox 914 2209 956 2263; x_wconf 82' lang='lat' dir='ltr'><strong>he</strong></span> 
     </span>
     <span class='ocr_line' id='line_1_29' title="bbox 167 2287 956 2359; baseline 0.001 -20"><span class='ocrx_word' id='word_1_180' title='bbox 167 2287 274 2341; x_wconf 90' lang='lat' dir='ltr'><strong>minum</strong></span> <span class='ocrx_word' id='word_1_181' title='bbox 299 2289 494 2344; x_wconf 89' lang='lat' dir='ltr'><strong>immisericors</strong></span> <span class='ocrx_word' id='word_1_182' title='bbox 518 2289 672 2345; x_wconf 85' lang='lat' dir='ltr'><strong>direximus</strong></span> <span class='ocrx_word' id='word_1_183' title='bbox 696 2289 824 2353; x_wconf 86' lang='lat' dir='ltr'><strong>verbum,</strong></span> <span class='ocrx_word' id='word_1_184' title='bbox 854 2294 956 2359; x_wconf 84' lang='lat' dir='ltr'><strong>propter</strong></span> 
     </span>
     <span class='ocr_line' id='line_1_30' title="bbox 167 2361 957 2437; baseline -0.003 -24"><span class='ocrx_word' id='word_1_185' title='bbox 167 2371 339 2428; x_wconf 86' lang='lat' dir='ltr'><strong>praesentem</strong></span> <span class='ocrx_word' id='word_1_186' title='bbox 352 2365 586 2419; x_wconf 88' lang='lat' dir='ltr'><strong>conversationem</strong></span> <span class='ocrx_word' id='word_1_187' title='bbox 600 2367 676 2436; x_wconf 93' lang='lat' dir='ltr'><strong>piam</strong></span> <span class='ocrx_word' id='word_1_188' title='bbox 692 2364 843 2437; x_wconf 84' lang='lat' dir='ltr'><strong>benignum</strong></span> <span class='ocrx_word' id='word_1_189' title='bbox 860 2361 957 2431; x_wconf 81' lang='lat' dir='ltr'><strong>diriga-</strong></span> 
     </span>
     <span class='ocr_line' id='line_1_31' title="bbox 167 2436 956 2511; baseline 0.003 -25"><span class='ocrx_word' id='word_1_190' title='bbox 167 2449 229 2486; x_wconf 87' lang='lat' dir='ltr'><strong>mus</strong></span> <span class='ocrx_word' id='word_1_191' title='bbox 240 2436 321 2490; x_wconf 91' lang='lat' dir='ltr'><strong>lieeat</strong></span> <span class='ocrx_word' id='word_1_192' title='bbox 331 2437 457 2491; x_wconf 89' lang='lat' dir='ltr'><strong>verbum.</strong></span> <span class='ocrx_word' id='word_1_193' title='bbox 498 2437 576 2494; x_wconf 88' lang='lat' dir='ltr'><strong>Sicut</strong></span> <span class='ocrx_word' id='word_1_194' title='bbox 586 2442 660 2494; x_wconf 92' lang='lat' dir='ltr'><strong>euim</strong></span> <span class='ocrx_word' id='word_1_195' title='bbox 669 2441 787 2511; x_wconf 91' lang='lat' dir='ltr'><strong>pristina</strong></span> <span class='ocrx_word' id='word_1_196' title='bbox 797 2440 853 2493; x_wconf 91' lang='lat' dir='ltr'><strong>vita</strong></span> <span class='ocrx_word' id='word_1_197' title='bbox 866 2436 956 2490; x_wconf 87' lang='lat' dir='ltr'><strong>duram</strong></span> 
     </span>
     <span class='ocr_line' id='line_1_32' title="bbox 167 2507 957 2586; baseline 0.005 -29"><span class='ocrx_word' id='word_1_198' title='bbox 167 2507 288 2562; x_wconf 89' lang='lat' dir='ltr'><strong>merebat</strong></span> <span class='ocrx_word' id='word_1_199' title='bbox 298 2511 544 2578; x_wconf 87' lang='lat' dir='ltr'><strong>praedicationem,</strong></span> <span class='ocrx_word' id='word_1_200' title='bbox 556 2515 684 2569; x_wconf 88' lang='lat' dir='ltr'><strong>similiter</strong></span> <span class='ocrx_word' id='word_1_201' title='bbox 695 2514 860 2586; x_wconf 81' lang='lat' dir='ltr'><strong>poenitentia</strong></span> <span class='ocrx_word' id='word_1_202' title='bbox 869 2524 957 2566; x_wconf 90' lang='lat' dir='ltr'><strong>eorum</strong></span> 
     </span>
     <span class='ocr_line' id='line_1_33' title="bbox 168 2581 991 2656; baseline 0.018 -30"><span class='ocrx_word' id='word_1_203' title='bbox 168 2581 548 2656; x_wconf 82' lang='lat' dir='ltr'><strong>exadversobeniguitatem.</strong></span> <span class='ocrx_word' id='word_1_204' title='bbox 990 2592 991 2605; x_wconf 64' lang='lat'>¹</span> 
     </span>
    </p>
   </div>
   <div class='ocr_carea' id='block_1_4' title="bbox 451 2685 681 2716">
    <p class='ocr_par' dir='ltr' id='par_1_5' title="bbox 451 2685 681 2716">
     <span class='ocr_line' id='line_1_34' title="bbox 451 2685 681 2716; baseline 0.009 -8"><span class='ocrx_word' id='word_1_205' title='bbox 451 2685 681 2716; x_wconf 33' lang='lat' dir='ltr'><strong>*conv——</strong></span> 
     </span>
    </p>
   </div>
   <div class='ocr_carea' id='block_1_5' title="bbox 0 0 1036 3100">
    <p class='ocr_par' dir='ltr' id='par_1_6' title="bbox 0 0 1036 3100">
     <span class='ocr_line' id='line_1_35' title="bbox 0 0 1036 3100; baseline 0 0"><span class='ocrx_word' id='word_1_206' title='bbox 0 0 1036 3100; x_wconf 95' lang='lat' dir='ltr'><strong> </strong></span> 
     </span>
    </p>
   </div>
  </div>
 </body>
</html>
