2050 3100
77 268 122 333 [11‚
136 265 196 331 aas]
260 272 302 317 m
320 270 498 319 GENEMN.
518 274 648 320 SERMO
665 274 708 325 lv.
831 270 878 323 23l

76 372 230 423 subornetur
242 371 380 437 insignium
392 389 475 425 rerum
489 374 583 434 titulis,
602 388 661 425 cum
671 374 703 424 sit
712 375 881 425 denotationis

74 452 128 489 non
143 447 287 489 amaneus.
322 441 422 491 Primus
435 442 528 506 gradm
544 441 679 505 ambigitur
691 456 737 507 per
754 442 881 492 fallaciam

75 506 228 567 deferende,
247 514 273 556 et
284 514 372 573 utpote
385 508 525 571 ignorando
538 508 661 572 insipiens
672 509 756 559 lucem
771 514 796 559 ct
812 518 881 560 tene-

74 575 150 634 bras,
167 574 270 637 nigrum
288 583 314 624 et
326 576 499 638 splendidum,
517 576 613 625 bonum
626 583 652 625 et
663 577 772 636 melum,
792 582 817 626 et
831 578 880 626 alia

74 640 253 691 huiuscemodi
263 642 409 705 acquaipse
417 657 463 706 per
476 657 622 703 numerum,
639 644 806 707 possibilitate
821 658 880 693 vero

74 723 127 757 non
138 708 222 757 solum
231 707 354 771 disparia,
366 724 453 759 verum
463 710 539 759 ctiam
549 710 682 759 contraria.
710 707 744 759 Et
753 710 816 759 haec
827 712 880 773 qui·

74 776 135 824 dam
144 776 222 838 digna
233 775 288 825 nelo
302 776 392 841 (murq.
402 776 475 826 coelo
487 776 544 837 illo)
560 783 678 826 tartareo.
713 776 775 826 Inde
788 786 880 841 putans

72 843 366 907 primaeuacommenta
375 843 462 907 dirigi,
483 851 508 893 et
522 843 601 893 altera
610 842 754 907 superducit
763 845 878 902 consilia,

73 914 291 973 quorumreatum
300 910 434 960 verborum
444 910 563 973 suffragio
574 912 663 961 caelat.
698 910 806 975 Accepit
820 924 879 973 ergo

73 979 141 1027 duas
154 988 261 1038 ueras,
283 991 347 1040 quas
362 974 484 1027 Chaldaei
499 984 591 1028 vocant
603 976 687 1029 Iudith
699 986 724 1027 et
733 978 877 1027 Bascmath.

73 1042 193 1104 Quarum
205 1058 257 1093 uas
268 1045 446 1109 interpretatur
458 1045 597 1104 laudatrix,
617 1046 726 1095 secunda
740 1046 877 1093 nominata.

73 1112 157 1161 Vides
169 1126 222 1175 qua
234 1111 337 1162 icdn'nat
350 1113 398 1161 viri
411 1113 566 1162 similitudo?
589 1111 622 1161 Sc
635 1112 732 1161 landari
744 1118 819 1173 atque
833 1124 878 1159 ne·

71 1179 177 1228 minui.
216 1179 273 1242 llgc
291 1194 344 1229 non
361 1180 460 1243 negabo
475 1179 603 1229 Hebraica
617 1180 704 1241 lingna
718 1185 743 1227 et
759 1176 878 1239 Syrorum

72 1246 180 1309 loquela
201 1246 339 1296 Basemath
362 1248 511 1297 suauitatem
533 1245 700 1309 interpretari.
743 1243 879 1293 Nominum

72 1321 162 1362 autern
176 1308 254 1363 Seme
267 1312 371 1375 dicitur,
390 1329 442 1363 non
455 1312 602 1363 Basematb
637 1311 693 1360 Hoc
709 1324 768 1373 ergo
787 1321 878 1373 pravus

72 1380 200 1441 ambitur,
215 1394 268 1429 non
280 1382 397 1442 ueritate,
417 1381 462 1431 sed
470 1380 536 1431 fictis
546 1380 627 1429 alatus
637 1376 800 1440 argumentis.
835 1374 879 1423 Ni-

73 1462 136 1509 grae
147 1448 216 1497 enirn
223 1449 393 1511 generationis
403 1455 442 1498 est
451 1444 562 1497 Cetheus
573 1447 616 1509 qui
627 1458 746 1495 excessus
758 1443 878 1505 interpre-

73 1522 158 1576 tatur,
178 1514 250 1565 cuius
263 1515 353 1566 merita
366 1515 500 1576 sectando,
519 1514 622 1564 numine
637 1511 733 1562 scilicet
746 1516 843 1559 tentum
854 1518 879 1560 et

73 1595 158 1632 ranae
170 1583 280 1645 monas,
299 1583 376 1646 digne
389 1583 518 1633 domicilio
532 1582 639 1632 habetur
647 1579 792 1629 bestiarum.
828 1575 878 1626 He-

73 1657 118 1699 vet
135 1650 204 1698 enim
222 1664 325 1714 serpens
342 1652 548 1714 interpretantur,
569 1649 684 1699 excelsus
699 1653 774 1710 atque
786 1645 878 1694 mentis

75 1714 191 1766 Cetheus
200 1722 225 1766 et
232 1717 370 1766 bestiarum
379 1717 469 1766 merita
478 1716 573 1780 figurae
583 1713 771 1774 cantianorum,
787 1711 878 1777 quibus

74 1785 131 1834 cari
141 1790 201 1835 sunt
208 1783 297 1833 famuli
305 1784 450 1834 nacnndiae
459 1791 485 1833 et
493 1782 722 1848 concupiscentiae,
732 1781 796 1830 adeo
802 1780 879 1843 aptis·

75 1852 142 1901 sime
155 1851 350 1915 interpretantur
361 1851 425 1900 imas
439 1858 516 1914 atque
530 1850 660 1899 inferiores
675 1849 777 1897 sortitus
786 1860 879 1896 concu-

73 1918 229 1982 piscentiae,
248 1919 373 1981 regiones.
408 1917 520 1967 Alterius
539 1924 622 1966 autem
635 1916 722 1964 uxoris
736 1914 879 1964 nominatae

73 1985 233 2049 peterlllom
242 1985 328 2035 anatis
338 1985 506 2050 estimpetus,
521 1997 568 2048 pru
578 1983 686 2048 suspitio
695 1981 784 2032 furiae.

128 2251 209 2312 Quae
227 2254 272 2305 bae
289 2255 356 2319 ipone
373 2254 433 2306 aas
451 2252 591 2304 contendere
610 2251 682 2302 Isaac
704 2259 726 2300 st
742 2247 833 2299 Rebec-

377 2325 437 2372 cael
458 2325 511 2384 (26,
525 2321 581 2381 3⁵.)

136 2476 176 2520 ll.
204 2469 263 2522 Non
279 2473 367 2536 utique
386 2487 420 2524 ex
437 2486 577 2533 consensu,
607 2485 654 2521 nec
672 2470 741 2520 enirn
758 2473 882 2519 consonat

74 2535 180 2604 Ponlhw
189 2535 284 2601 figurae
294 2547 320 2590 et
328 2540 548 2604 concupiscentiae
557 2539 639 2588 autori
648 2537 749 2587 mentis.
783 2533 882 2584 Verun-

75 2614 165 2654 tamen
174 2606 313 2657 consistere
323 2615 446 2658 conantur
458 2607 541 2670 litigia
555 2607 673 2656 adversus
687 2603 812 2652 bonorum
826 2613 882 2676 per·

76 2672 260 2735 sevcmntiam,
279 2688 345 2738 quae
357 2682 396 2724 est
404 2673 534 2734 Rebecca,
553 2680 579 2722 ct
588 2671 698 2722 turbelas
708 2675 733 2716 et
744 2672 882 2742 contentio·

75 2751 125 2788 nes
140 2748 284 2803 opponant,
305 2743 413 2792 scientes
427 2742 529 2791 illorum
541 2740 654 2804 regimen
663 2747 735 2784 suam
745 2745 801 2782 esse
810 2731 883 2778 dussi-

76 2806 218 2869 monem,
